3884 6050
20 232 87 296 ata
396 236 603 301 cnaou1uurt
623 236 840 307 ausaausa.
864 236 904 288 -ἒ
922 238 994 306 tta.
1015 244 1028 305 1
1050 242 1219 310 eumuna
1230 244 1368 310 motu.
1668 246 1726 314 850

21 364 143 431 scarie,
158 364 197 422 ab
207 366 258 402 ¹⁸¹⁵
268 365 360 423 alteru
375 367 528 434 lavinum,
545 368 585 426 ab
598 373 647 408 ¹⁸¹⁸
663 373 723 430 alio
735 372 856 445 ripasde
871 371 1019 438 Afiuibus
1031 376 1104 442 suis,
1118 374 1204 432 idest
1219 379 1269 413 ¹⁸⁸⁰
1281 392 1300 433 a
1313 376 1410 449 capite
1422 373 1567 432 lassatum
1581 376 1617 433 de
1632 379 1732 437 Levita

21 453 125 524 Turri,
138 469 208 509 cum
221 455 376 526 ipsacurte
386 455 434 511 ubi
452 456 501 492 ¹³¹⁶
512 459 691 517 estecolesia
702 463 750 498 ¹⁸¹⁷
760 461 856 517 sancti
907 461 970 525 ¹⁸⁴¹,
984 478 1002 518 a
1014 462 1090 534 pede
1098 465 1178 521 viam
1192 464 1230 519 de
1240 464 1305 536 ipsc
1320 468 1417 535 puteo,
1432 462 1473 519 ab
1486 479 1545 518 uno
1560 463 1649 520 latere
1661 466 1732 521 ben·

21 540 178 597 Benedicti
196 538 252 604 3ab
266 542 315 579 ¹⁸¹⁸
329 541 388 598 alio
401 558 471 599 vero
485 542 593 601 lunum
609 547 647 603 de
667 548 763 617 troia,
784 564 856 620 quo·
909 562 986 612 nam,
1000 549 1040 605 ab
1052 549 1142 606 altero
1155 550 1274 607 lluviurn
1285 549 1320 605 de
1332 549 1439 620 argelli
1449 568 1456 615 ;
1468 565 1555 622 quam
1568 551 1651 606 etiam
1662 568 1732 623 pre-

22 628 125 685 modo
139 629 295 686 descendit
319 629 349 686 in
374 632 528 688 Larinum.
546 634 677 693 Ecclesia
696 638 789 693 sancti
798 636 855 693 Viti
908 634 1003 690 dictus
1027 637 1101 692 llaio
1123 638 1170 692 hic
1193 637 1307 694 obtulit.
1326 637 1404 692 lutra
1418 652 1495 708 quos
1519 639 1568 674 ¹³⁸2
1593 638 1666 694 tinas
1687 645 1731 695 est

21 732 123 788 supra
139 714 249 773 flumen
273 717 424 774 lavinum.
451 719 580 777 Ecclesia
600 724 695 779 sancti
720 723 798 780 llelie
823 724 853 779 iu
907 722 1077 779 ecclesiain
1091 725 1204 780 honore
1218 725 1315 781 Sancti
1339 724 1443 788 Mauri,
1469 729 1497 779 et
1515 726 1729 783 monasterium

20 804 213 873 Sclangaric,
229 807 480 877 compertinentia
492 823 623 881 suaque
634 817 679 867 est
690 811 790 882 viginti
801 811 853 867 mi·
908 811 1001 866 sancti
1015 812 1115 868 Renati
1136 812 1215 884 quod
1239 812 1329 867 situm
1344 817 1388 867 est
1402 810 1477 866 inter
1490 812 1692 869 Antonianum
1703 819 1731 870 et

19 891 101 948 lium
114 892 166 929 ¹¹¹⁹
181 893 361 950 modiorum.
378 896 474 950 Curtia
488 895 526 952 de
538 899 743 956 caramanico.
757 902 854 957 ilona-
907 898 1019 953 Pizzum
1034 898 1207 955 corvarium
1222 915 1291 954 cum
1305 898 1447 953 omnibus
1475 899 1655 968 pertinentiis
1670 901 1730 956 suis

20 982 152 1036 sterium
168 981 263 1037 sancti
285 981 398 1037 Comitii
409 980 495 1053 juxta
519 984 615 1040 rivum
635 986 767 1044 trullum
792 990 851 1058 ¹³¹⁰,
908 986 1038 1042 Ecclesia
1052 986 1145 1043 sancti
1159 984 1260 1041 calixti
1271 1000 1362 1056 supra
1374 984 1459 1040 istum
1471 987 1608 1042 laentum
1624 987 1654 1043 iu
1665 988 1730 1045 loco

20 1084 94 1124 cum
108 1068 211 1124 multis
223 1069 476 1140 possessionibus.
485 1071 614 1130 Ecclesia
623 1076 670 1110 ¹³²¹
682 1074 854 1131 saneurctt-
907 1074 960 1146 qui
972 1074 1078 1130 dicitur
1089 1073 1189 1139 Vallis,
1205 1089 1269 1130 cum
1281 1074 1331 1109 ¹³⁸³
1343 1078 1420 1129 terra
1432 1074 1600 1129 modiorum
1612 1090 1666 1129 sex
1679 1076 1733 1131 mi·

21 1156 65 1213 cis
80 1157 112 1211 iu
127 1155 271 1228 pulverio,
281 1173 352 1213 cum
361 1157 714 1231 medietateipsiuscurtis
722 1177 774 1234 per
781 1160 854 1219 fines
906 1160 983 1216 lium
998 1163 1164 1231 sexaginta.
1173 1160 1301 1217 Ecclesia
1311 1164 1420 1216 sanctae
1430 1161 1526 1217 llariae
1535 1175 1625 1231 supra
1635 1160 1731 1217 laram

22 1259 97 1300 suos
115 1246 178 1315 ¹³²¹,
194 1245 279 1301 idest
293 1245 333 1300 ab
345 1247 513 1318 uno-capite
524 1256 749 1317 monumentum,
763 1251 803 1306 ab
813 1250 853 1307 al·
906 1248 945 1304 de
955 1248 1078 1314 Laento,
1093 1265 1162 1305 cum
1176 1250 1225 1285 ¹³⁸⁴
1240 1248 1417 1319 pertinentia
1431 1252 1460 1303 et
1472 1249 1522 1283 ¹³⁸⁸
1535 1246 1646 1302 finibus
1659 1249 1730 1314 suis,

22 1338 88 1388 tero
108 1334 253 1405 praedicta
266 1334 406 1404 piscaria,
417 1334 458 1390 ab
474 1337 568 1391 altero
583 1340 762 1394 terrasaucti
776 1337 852 1395 Tho·
907 1336 1032 1408 acapite
1047 1335 1183 1392 videlicet
1194 1335 1253 1401 via,
1269 1334 1374 1406 apede
1385 1336 1539 1400 Laenium,
1552 1333 1590 1387 ab
1605 1339 1732 1405 utroque

22 1436 93 1488 mm,
121 1420 162 1477 ab
188 1420 280 1477 alteru
305 1423 475 1487 Rosentem,
500 1424 629 1496 qualiter
651 1424 699 1461 ¹³²³
725 1425 811 1482 mittit
822 1426 852 1481 in
905 1424 998 1480 latere
1010 1424 1165 1480 lassatum.
1178 1422 1307 1479 Ecclesia
1317 1422 1410 1479 sancti
1423 1421 1521 1476 Saviui
1530 1422 1555 1476 iu
1569 1422 1732 1478 Trevanico

22 1509 187 1581 piscariam
195 1527 206 1581 5
223 1523 291 1580 quse
302 1508 406 1565 omnia
422 1508 608 1582 aysstgards
633 1515 683 1549 ¹⁸¹⁸
701 1514 852 1570 comitissa
908 1512 1078 1577 ¹⁸⁴⁸;ssncti
1092 1510 1249 1567 Clementis
1264 1511 1294 1565 in
1313 1510 1472 1566 Ptombats.
1490 1507 1621 1564 Ecclesia
1638 1508 1732 1564 sancti

22 1596 405 1653 obtulitbeatotleuedictc.
420 1598 550 1655 Ecclesia
562 1601 611 1635 ¹³²⁵
623 1602 718 1657 sancti
731 1601 850 1667 calixti;
866 1617 889 1675 B
909 1600 997 1656 Salvii
1010 1599 1133 1654 ibidem.
1149 1598 1205 1664 Qui
1224 1597 1359 1654 videlicet
1374 1597 1487 1653 Salvius
1507 1612 1543 1651 ex
1567 1597 1733 1668 Campania
1771 1578 1784 1600 ⁸

21 1685 121 1740 sancti
132 1684 308 1751 Eumelis,
322 1701 392 1740 cum
407 1690 470 1743 tota
486 1693 567 1743 curte
579 1688 617 1743 da
632 1687 725 1745 lliano
739 1706 746 1755 ;
758 1690 852 1745 sancti
908 1691 990 1743 ortus
1006 1688 1056 1723 ¹³⁴³
1066 1685 1157 1756 huius
1168 1686 1338 1742 monasterii
1353 1684 1445 1739 extitit
1460 1684 1638 1749 monachus,
1655 1689 1682 1740 et
1693 1689 1733 1740 te·

21 1773 138 1840 llarci;
155 1778 257 1828 macte
271 1771 360 1828 llarie
385 1771 415 1827 in
439 1774 595 1840 Pontiano,
611 1791 681 1831 cum
703 1778 753 1813 ¹³²⁸
769 1781 853 1832 terrae
908 1775 972 1830 nuit
984 1773 1154 1846 predictam
1166 1774 1321 1829 ecclesiam
1336 1772 1428 1828 saneti
1443 1771 1598 1827 Clementis
1614 1772 1643 1826 in
1662 1771 1732 1827 obe·

20 1859 137 1916 modiis
148 1858 304 1916 sexcentis.
318 1859 490 1932 insulaque
502 1866 549 1918 est
560 1862 633 1918 iutra
644 1863 815 1934 pomarium
826 1869 855 1921 et
908 1862 1020 1918 diaulia
1030 1862 1090 1931 ¹³⁴⁸,
1101 1860 1161 1925 ubi,
1171 1858 1522 1927 cumdeluuctusiuisset,
1532 1859 1625 1914 multa
1634 1860 1672 1914 ad
1682 1861 1731 1896 ¹³⁸⁹

20 1953 158 2004 castrum
175 1946 257 2018 quod
285 1948 332 1983 ¹⁸²²
352 1947 457 2003 dicitnr
482 1949 531 1984 ¹³²⁸
550 1949 693 2016 Calcaria,
709 1967 777 2007 cum
803 1952 852 1988 ¹⁸¹⁰
908 1949 1100 2022 sepulchrum
1116 1948 1193 2004 illius
1208 1947 1356 2006 mirabilia
1371 1949 1447 2003 Deus
1462 1951 1508 2002 est
1519 1952 1667 2017 operatus.
1682 1949 1733 2003 Ec·

20 2042 103 2092 terra
115 2034 289 2091 modiorum
302 2036 418 2092 circiter
432 2039 496 2092 100.
526 2038 655 2096 Ecclesia
667 2040 762 2095 sancti
776 2039 853 2096 Eleu·
908 2037 998 2094 alesia
1009 2042 1110 2093 sancte
1122 2036 1209 2094 llarie
1225 2036 1256 2090 in
1279 2035 1370 2092 fluvio
1385 2034 1460 2091 Foro
1475 2036 1525 2071 ¹³⁸⁰
1551 2034 1638 2105 (tta),
1666 2034 1731 2091 loco

21 2124 110 2180 therii
126 2130 154 2179 et
169 2123 364 2181 sanctiPauIi
389 2125 418 2179 in
434 2125 611 2197 pertinentia
625 2127 663 2183 de
686 2126 850 2191 Boclauico,
907 2125 958 2198 qui
979 2125 1085 2182 dicitur
1106 2126 1280 2190 Canusium,
1295 2139 1365 2181 cum
1390 2125 1436 2159 ¹⁸⁵¹
1466 2128 1542 2179 terra
1561 2123 1732 2179 modiorum

22 2211 88 2268 loco
104 2211 159 2283 qui
175 2209 283 2267 dicitur
305 2210 393 2284 Rupi,
409 2227 479 2268 cum
505 2219 584 2270 terra
598 2214 852 2288 septingentorum
905 2217 1048 2286 quattuor
1057 2213 1173 2270 milium
1185 2213 1350 2283 sexaginta.
1362 2214 1393 2268 tn
1408 2212 1474 2283 ipsa
1498 2226 1574 2282 aqua
1599 2210 1730 2282 ejusdem

23 2298 176 2368 octoginta
190 2300 372 2357 modiorum.
394 2300 524 2357 Ecclesia
551 2303 645 2358 sancti
669 2303 803 2359 tlerasmi
820 2304 852 2359 in
907 2302 957 2338 ²³⁵¹
972 2302 1037 2358 Fori
1049 2301 1224 2358 molendina
1245 2305 1396 2373 quattuor.
1419 2297 1547 2354 Ecclesia
1567 2299 1617 2335 ¹⁸⁸⁸
1637 2299 1733 2356 sancti

24 2390 145 2444 Cerretu
168 2387 260 2459 plano
273 2403 340 2444 cuin
362 2389 543 2460 pertiuentiis
557 2394 586 2445 et
601 2389 712 2446 tinibus
727 2391 799 2457 suis,
816 2407 851 2447 ac
906 2390 978 2446 Petri
988 2391 1019 2446 in
1033 2391 1159 2446 lolliano
1176 2390 1237 2453 ¹³³⁴,
1253 2404 1323 2445 cum
1336 2390 1387 2424 ¹³⁵³
1400 2385 1479 2443 mille
1503 2385 1732 2458 quadringentis

25 2473 206 2533 molendinis
218 2474 360 2532 omnibus
374 2491 433 2549 qua
442 2476 520 2534 intra
532 2478 613 2551 ipsos
623 2480 673 2515 ¹⁸⁸⁰
681 2484 851 2536 constructa
905 2477 1113 2535 modiisterroe.
1125 2476 1335 2534 ltonasterium
1348 2475 1443 2532 sancti
1453 2474 1594 2532 Severini.
1606 2474 1734 2531 Ecclesia

23 2570 92 2619 sunt
106 2563 196 2628 lines,
210 2577 277 2617 cum
289 2562 414 2621 ecclesia
428 2564 523 2621 sancti
538 2565 698 2622 salvatoris
713 2571 742 2621 et
755 2565 850 2622 sancti
906 2566 1001 2623 sancti
1013 2567 1064 2603 ¹¹⁸⁶
1079 2568 1180 2622 llenne
1192 2565 1222 2620 in
1236 2564 1415 2637 pertinentia
1425 2563 1462 2619 de
1474 2564 1522 2600 ¹³⁸²
1537 2563 1606 2635 ltipe
1618 2580 1625 2630 ;
1635 2562 1732 2619 sancti

23 2650 153 2709 Martini.
179 2649 308 2707 Ecclesia
323 2651 414 2708 sancti
433 2653 581 2709 Benedicti
595 2660 624 2710 et
651 2659 750 2710 sancte
762 2654 850 2711 lteris
904 2653 1031 2711 Andraoe
1045 2654 1075 2709 in
1091 2651 1162 2709 colle
1177 2653 1215 2708 de
1229 2651 1302 2708 Albe
1315 2653 1365 2688 ¹³⁵⁸
1376 2671 1383 2719 ;
1394 2652 1487 2707 sancti
1503 2651 1577 2706 Petri
1602 2652 1632 2706 in
1655 2651 1732 2717 loco,

23 2745 49 2796 et
59 2740 157 2796 sancti
171 2738 287 2795 domitii
297 2745 325 2795 et
344 2741 436 2795 sancti
452 2740 581 2798 silvestri
596 2742 628 2798 iu
638 2740 705 2799 loco
717 2742 768 2814 qui
779 2741 849 2798 dici·
905 2742 956 2815 qui
977 2741 1083 2798 dicitur
1096 2739 1154 2796 Ari.
1179 2740 1275 2796 curtis
1300 2755 1365 2811 qua
1378 2743 1502 2795 vocatur
1522 2739 1669 2794 Fenestre.
1684 2740 1734 2793 Ec-

22 2832 69 2883 tur
84 2828 134 2863 ¹³³¹
161 2826 232 2883 Orni
246 2842 314 2883 cum
329 2828 470 2884 omnibus
484 2828 596 2885 tinibus
619 2844 655 2886 ao
669 2829 887 2918 pertiuentiisc
904 2830 995 2888 clasia
1011 2829 1107 2885 sancti
1120 2827 1225 2899 Angeli
1239 2834 1305 2883 ante
1327 2825 1472 2882 civitatem
1489 2827 1642 2894 Ortonam,
1664 2840 1734 2880 cum

23 2932 138 2972 aarum.
160 2917 241 2971 tlano
267 2916 315 2951 ¹³³¹
337 2916 489 2973 ecclesiam
512 2918 606 2974 sancti
627 2918 758 2975 silvestri
781 2933 850 2974 cou-
905 2920 955 2956 ¹¹⁸⁹
977 2918 1085 2974 modiis
1102 2923 1185 2979 terrae
1204 2913 1388 2984 octingentis.
1410 2912 1569 2969 Castellum
1590 2912 1629 2967 de
1651 2914 1735 2982 Ungo

24 3003 267 3077 struxitquidam
278 3005 444 3075 llatnerius,
458 3010 487 3063 et
502 3006 606 3063 obtulit
619 3021 687 3064 eam
699 3007 788 3065 beato
802 3010 851 3065 Be·
905 3025 974 3064 cum
989 3011 1050 3064 tota
1062 3005 1239 3078 pertinentia
1253 3019 1319 3074 sua,
1334 3009 1362 3059 et
1377 3004 1454 3059 intra
1471 3001 1566 3074 ipsam
1587 3002 1736 3073 pertiuen-

23 3093 141 3150 nedicto
156 3108 223 3148 cum
244 3095 386 3150 omnibus
411 3095 594 3166 pertiuentiis
609 3097 682 3161 suis,
703 3094 782 3152 intra
795 3097 851 3153 lios
905 3096 988 3161 tiam,
1013 3097 1129 3164 Grosse,
1149 3099 1178 3152 et
1194 3093 1338 3149 medietas
1365 3090 1531 3147 decivitate
1554 3091 1653 3157 Tarae,
1666 3104 1735 3144 cum

25 3181 98 3237 tinas
108 3198 115 3236 :
126 3180 164 3237 ab
178 3195 240 3237 uno
255 3179 347 3238 latere
362 3183 423 3252 ¹⁸⁸³,
446 3182 514 3255 ipsa
526 3181 627 3239 benna
650 3183 785 3255 (tlt);ab
808 3183 851 3240 al-
907 3190 968 3242 tota
983 3182 1162 3256 pertinentia
1176 3182 1214 3237 de
1226 3180 1330 3252 ttapini
1344 3184 1372 3234 et
1393 3180 1444 3215 ¹³⁸⁰
1457 3177 1592 3234 Camino.
1609 3176 1738 3233 Ecclesia

25 3273 99 3340 tero,
111 3271 230 3341 Septem
245 3269 300 3324 viae
309 3267 366 3333 ;ab
382 3268 485 3337 altero
497 3269 556 3327 alia
567 3270 678 3337 benna,
693 3288 761 3345 qum
775 3287 806 3327 se
816 3272 853 3327 si·
906 3272 1163 3330 sanctacruoisin
1173 3268 1347 3343 pertinentia
1357 3266 1395 3323 de
1411 3267 1648 3332 ¹⁸⁶¹ltoma‚oum
1661 3263 1736 3322 mille

27 3358 86 3413 mul
98 3356 295 3429 conjungunt.
320 3359 394 3415 Fara
407 3357 539 3423 Maianis,
552 3366 581 3414 et
592 3359 657 3415 lara
668 3375 725 3431 que
745 3360 853 3416 dicitur
907 3359 1075 3433 quingentis
1089 3364 1173 3414 terrae
1188 3356 1305 3422 modiis,
1321 3360 1350 3411 at
1366 3354 1526 3410 medietate
1539 3352 1633 3424 ipsius
1648 3352 1736 3409 castri

27 3445 119 3500 Biana
135 3445 185 3480 ¹³³⁸
208 3457 276 3500 cum
299 3443 410 3502 finnus
428 3451 458 3502 et
478 3447 662 3518 pertinentiis
679 3463 782 3505 aarum
802 3449 852 3485 ¹⁸¹⁵
907 3449 945 3504 de
960 3447 1064 3504 casale
1076 3447 1126 3483 ¹³⁸²
1141 3461 1211 3503 cum
1230 3442 1413 3516 pertiuentiis
1434 3443 1508 3497 suis.
1529 3439 1737 3497 monasterium

28 3533 112 3603 till).
126 3531 177 3588 llic
188 3532 323 3589 ω’11810
333 3531 389 3589 luit
400 3535 772 3606 consanguineusPoterici
787 3551 854 3609 pre·
909 3539 958 3575 ¹⁸⁸⁸
974 3535 1067 3591 sancti
1080 3531 1224 3590 Pancratii
1235 3546 1302 3587 cum
1326 3536 1388 3587 tota
1412 3529 1584 3603 pertinentia
1599 3544 1666 3585 sua.
1685 3528 1739 3584 Ca·

31 3621 118 3693 positi
134 3620 228 3676 sancti
253 3619 431 3677 Liberatoris
451 3622 508 3679 sub
532 3623 672 3694 predicto
693 3622 808 3691 abbate,
825 3629 854 3681 et
909 3623 1026 3681 stellum
1039 3622 1073 3678 de
1088 3624 1184 3685 Prata,
1194 3623 1224 3675 et
1239 3616 1322 3674 Gessi
1334 3619 1396 3687 ¹⁸⁶⁸,
1408 3622 1438 3674 et
1453 3615 1593 3679 Civitella,
1609 3619 1638 3671 et
1651 3614 1737 3672 vallis

32 3708 139 3765 obtulit
149 3710 181 3765 in
193 3708 249 3765 hoc
259 3710 440 3767 munasterio
452 3712 579 3767 eandem
591 3711 688 3768 laram
698 3728 778 3786 ;qua
788 3728 857 3769 oon·
909 3712 1007 3769 sancti
1028 3709 1153 3773 llartini,
1168 3722 1238 3763 cum
1262 3704 1403 3763 omnibus
1425 3702 1608 3776 pertinentiis
1622 3717 1736 3758 eorum.

33 3797 130 3853 tinans
144 3800 191 3852 est
204 3797 325 3853 insimul
339 3797 472 3870 palaque
486 3797 604 3856 milium
616 3799 856 3870 octingentorum
910 3798 1042 3856 Ecclesia
1054 3796 1146 3853 sancti
1167 3794 1244 3851 Petri
1258 3792 1290 3850 in
1308 3794 1423 3850 civitate
1433 3792 1554 3848 teatina
1568 3789 1662 3845 Veteri
1676 3790 1736 3857 ¹³⁸³,

33 3886 205 3943 modiorum
215 3891 309 3941 terra.
323 3886 418 3941 Eurus
431 3887 478 3923 ¹⁸⁸²
495 3888 591 3943 sancti
602 3887 707 3945 calixti
718 3904 788 3944 cum
798 3903 858 3944 om·
911 3885 1058 3945 etibidem
1065 3885 1152 3956 juxta
1160 3881 1286 3938 ecclesia
1296 3881 1391 3936 sancti
1399 3878 1488 3934 Pauli.
1498 3877 1628 3933 Ecclesia
1637 3881 1739 3932 sanctie

34 3974 124 4031 nibus
135 3972 207 4029 suis.
220 3972 352 4030 Ecclesia
365 3973 460 4031 sancti
472 3974 545 4031 Petri
560 3976 591 4031 in
606 3975 672 4032 loco
686 3977 738 4050 qui
753 3976 858 4031 dicitur
911 3973 1005 4030 Tecta
1025 3971 1103 4027 intra
1116 3967 1255 4026 eamdem
1279 3966 1429 4024 civitatem
1448 3979 1571 4030 novam,
1587 3979 1657 4021 cum
1672 3963 1741 4037 ipsa

35 4061 789 4135 tuusneltum¹³⁸⁸,cum0mntbnspertinentiam
806 4064 856 4101 ¹³⁸⁸
913 4066 1001 4136 porta
1021 4074 1089 4132 quse
1110 4055 1230 4130 respicit
1252 4054 1291 4111 ad
1318 4054 1471 4119 orientem,
1495 4067 1564 4127 quas
1593 4052 1740 4112 hacterms

704 4188 824 4244 vilitat
840 4184 1043 4247 cautiones.

70 4294 119 4330 ¹⁸¹⁸
132 4292 170 4348 de
185 4293 230 4348 ed.
245 4295 270 4347 t.
298 4292 347 4329 ¹³¹⁸
361 4294 400 4350 de
412 4292 504 4350 altero
532 4295 605 4351 aed.
631 4298 648 4352 1
671 4297 721 4333 ¹³¹⁶
734 4296 773 4353 ibi
788 4300 814 4351 2.
841 4297 888 4333 ¹³¹⁷
906 4312 932 4353 c.
946 4293 1041 4366 ipsius
1065 4288 1156 4345 curtis
1177 4302 1229 4358 per
1245 4285 1320 4344 lines
1333 4302 1404 4344 suos
1419 4287 1511 4344 sancti
1527 4286 1634 4343 calixti
1648 4294 1699 4343 etc.
1713 4290 1740 4342 t.

38 4363 340 4420 ¹⁸¹⁸dealterov.ed.
379 4365 427 4400 ¹³¹⁹
452 4366 535 4422 milia
561 4366 601 4423 11).
616 4366 660 4422 ed.
700 4368 749 4404 ¹³¹⁰
774 4368 899 4424 trulum
927 4370 954 4420 2.
994 4363 1041 4399 ¹¹¹¹
1072 4359 1223 4416 ecclesiam
1249 4358 1291 4414 ed.
1331 4359 1379 4395 ¹³²¹
1406 4374 1486 4415 suas.
1514 4360 1544 4413 S.
1574 4357 1678 4413 calixti
1698 4356 1740 4413 1).

38 4433 307 4506 ¹¹²³quomodoed.
345 4435 558 4505 ¹⁸¹⁸Yselg.ed.
598 4438 867 4494 ¹¹¹⁸ecclesiamed.
908 4438 995 4490 ¹³²⁶c.
1008 4439 1028 4488 t.
1042 4448 1083 4487 m.
1097 4447 1122 4485 s.
1138 4428 1302 4486 asenath.
1319 4433 1344 4484 1.
1384 4428 1551 4501 ¹”iquitlr.
1593 4427 1742 4483 ¹⁸¹⁸voca·

36 4506 123 4560 tort.
161 4505 250 4559 ¹¹¹⁹c.
267 4507 287 4558 t.
304 4519 344 4559 m.
360 4521 386 4560 c.
425 4505 641 4563 caecutiat.
681 4508 729 4544 ¹³³⁰
745 4508 914 4580 ipsastb.i.
931 4507 951 4562 l.
966 4522 992 4560 c.
1010 4521 1035 4559 s.
1053 4502 1093 4557 11).
1109 4501 1150 4556 ed.
1167 4502 1193 4555 t.
1232 4498 1325 4554 ¹³³¹d.
1352 4499 1429 4557 ino.
1452 4501 1497 4556 ed.
1537 4501 1586 4534 ¹³³¹
1613 4500 1741 4553 itanc-

35 4574 375 4646 conjunguntdesunttb.
401 4521 648 4635 q³⁸³ltiuisied
688 4580 885 4635 ¹²⁸⁴uianatb.
925 4572 1097 4630 ¹³⁸⁸suislb.
1138 4569 1553 4628 nutrio-terraconen.
1594 4569 1741 4649 ¹⁸³⁷Curta

36 4647 124 4716 (coru.
141 4645 248 4712 Curtia)
266 4644 305 4701 11).
322 4646 464 4703 Curteed.
493 4647 541 4683 ¹⁸³⁸
568 4650 766 4706 Malianellum
780 4653 809 4708 3.
838 4647 978 4705 ¹³³⁹etib.
1008 4641 1432 4699 ¹³⁸⁰idest-obtulitdesunt
1449 4641 1488 4696 lb.
1521 4640 1569 4676 ¹³⁸¹
1587 4638 1667 4695 della
1684 4645 1741 4695 tute

35 4716 80 4773 ed.
120 4718 169 4752 ¹³⁸²
206 4716 320 4772 nasib.
360 4717 484 4773 ¹³⁸³c.t.
506 4734 546 4773 m.
566 4720 754 4776 mucciunt
783 4720 822 4776 tb.
861 4721 910 4757 ¹⁸⁸⁸
939 4715 1198 4774 cum-Ecclesia
1218 4714 1323 4769 desunt
1346 4712 1385 4768 11).
1426 4713 1475 4749 ¹³⁴⁸
1501 4727 1531 4783 p.
1561 4725 1630 4773 sua,
1654 4709 1738 4790 aed.

37 4789 85 4824 ¹³⁴⁶
97 4789 127 4842 T.
145 4732 324 4865 Sssalviict
335 4788 365 4843 S.
381 4788 538 4845 Clementis
550 4788 582 4845 in
598 4791 758 4847 Plumbata.
773 4793 800 4847 S.
823 4789 909 4848 Maria
932 4789 970 4844 lb.
999 4789 1047 4843 Tr.
1071 4792 1099 4842 et
1123 4785 1168 4841 ed.
1207 4785 1254 4865 ¹⁸⁴}
1272 4788 1360 4838 uatus
1383 4783 1426 4839 ed.
1450 4784 1498 4819 ¹³⁸⁸
1537 4781 1741 4837 obedientiam

39 4859 77 4914 ed.
116 4857 167 4893 ¹⁸⁴⁹
183 4871 225 4913 m.
252 4872 318 4913 mir.
341 4858 374 4913 D.
398 4861 438 4915 ad
454 4876 479 4914 s.
497 4859 516 4914 i.
541 4875 567 4915 a.
593 4876 622 4917 c.
642 4861 746 4917 σάω)
766 4865 861 4919 Fauno
878 4861 917 4917 tb.
930 4861 978 4896 ¹⁸³¹
1004 4875 1073 4915 cum
1087 4885 1123 4898 -
1147 4855 1273 4911 ecclesia
1293 4854 1396 4910 desum
1414 4853 1454 4911 tb.
1470 4853 1557 4907 ¹⁸⁵¹a.
1574 4851 1613 4908 dc
1634 4851 1741 4907 eodem

40 4931 110 4985 Foro
121 4927 165 4985 ed.
183 4927 232 4963 ¹³⁵⁸
247 4927 408 4985 Ecclesiam
420 4930 461 4986 cd.
475 4929 659 4988 ¹³⁸⁸loll1anu
677 4932 715 4988 11).
731 4937 759 4992 2.
772 4934 821 4970 ¹³⁵⁵
834 4949 861 4990 c.
875 4950 910 4988 m.
948 4972 955 4988 .
973 4946 1013 4985 m.
1031 4935 1050 4985 t.
1067 4928 1171 4984 desunt
1189 4925 1231 4983 11).
1250 4924 1293 4982 ed.
1310 4925 1360 4961 ¹³³⁶
1377 4928 1404 4982 S.
1421 4923 1461 4980 11).
1484 4927 1596 4980 sauctae
1620 4921 1663 4977 ed.
1690 4920 1738 4956 ¹⁸³¹

39 5000 106 5056 deest
117 5000 144 5054 1.
161 4999 212 5036 ¹⁸⁸⁸
226 4998 299 5054 Alde
321 4998 360 5055 tb.
376 5001 445 5057 alie
469 5002 514 5058 cd.
531 5002 580 5038 ¹⁸⁵⁰
595 5019 621 5059 c.
641 5019 682 5058 m.
702 5009 721 5059 t.
742 5019 772 5061 o.
795 5004 897 5060 desum
922 4947 962 5058 iffi
976 4997 1126 5083 ¹⁸⁶⁰etde
1151 4997 1275 5052 cominu
1296 4994 1338 5051 11).
1356 4997 1404 5032 ¹⁸⁶¹
1429 4996 1467 5052 de
1486 4996 1553 5067 ipsa
1570 4994 1605 5047 a.
1626 4991 1667 5048 lb.
1692 4991 1739 5074 ed.

41 5072 85 5107 ¹³⁸¹
99 5069 206 5126 Casula
218 5070 260 5124 1).
290 5070 339 5106 ¹⁸⁸⁸
354 5073 390 5128 11.
405 5087 429 5126 s.
449 5074 480 5128 P.
495 5089 521 5129 c.
537 5081 558 5129 t.
572 5087 603 5146 p.
617 5089 642 5131 s.
657 5075 757 5131 desunt
771 5077 797 5130 t.
825 5075 876 5111 ¹⁸⁸⁸
894 5073 1010 5143 reliqua
1028 5071 1117 5140 liujus
1141 5083 1206 5137 cup.
1225 5067 1329 5122 desunt
1347 5072 1371 5133 t,
1396 5072 1426 5121 at
1445 5071 1473 5122 et
1492 5079 1565 5134 pars
1585 5069 1741 5134 sequentis,

39 5148 226 5271 qqqqqqqnes
229 5146 263 5268 tqt
274 5143 359 5269 eloqu
367 5143 840 5219 etprimcseateaticcerlopositis
848 5143 1135 5216 quarerejutcmar,
1143 5137 1437 5210 clameciacum
1446 5134 1742 5211 calcortutcmoppc«

40 5228 68 5271 re
98 5254 106 5270 .
191 5226 227 5267 ve
257 5226 289 5268 re
309 5229 353 5270 s.

825 5304 941 5364 NOTAE·

71 5391 144 5464 (tlt)
164 5389 189 5449 1.
215 5405 242 5449 e.
262 5392 383 5465 piscina.
950 5387 1026 5468 till)
1037 5389 1062 5452 a
1074 5390 1176 5448 moute
1196 5382 1311 5462 ltajslla
1322 5383 1434 5448 deluit.

71 5467 144 5546 (tta)
167 5463 240 5524 Vide
254 5479 320 5542 cap.
335 5469 380 5541 lt,
398 5480 498 5550 supra,
