3884 6050
55 228 114 285 385
417 225 532 286 GESTA
550 226 631 284 ABB.
651 222 808 284 TRUDON.
828 254 864 270 -
882 219 1121 286 contravenio
1139 227 1184 286 lli.
1205 259 1241 272 -
1259 229 1354 288 Pius
1366 230 1402 288 ti.
1718 235 1772 295 386

49 349 249 423 episcopum,
264 348 485 407 Adamctcises
497 349 675 407 leodienses
690 352 768 408 esset
779 353 888 408 uecta·
902 349 927 406 Α
943 364 1005 407 nno
1015 350 1154 425 sepulcro
1162 354 1455 413 coadhumatur.lste
1461 354 1684 432 abbasrcliqnit
1691 361 1773 420 subl·

47 440 134 507 tum,
150 438 289 496 canonici
300 438 480 496 leodienses
494 442 523 497 et
532 438 732 496 secundarum
747 437 887 496 ecclesia·
943 438 1773 515 cientesprorisionesmonasteriosuo‚invictualibuset
1863 430 1868 439 ’

46 542 125 584 rum
140 527 182 585 ad
196 526 390 584 residendum
403 526 434 585 iu
450 526 580 600 collegiis
594 526 656 584 suis
669 525 779 599 singuli
788 525 888 584 Leodil
942 518 974 583 iu
989 527 1316 588 aliisnecessariisnnili
1329 531 1642 605 quidquamcreditori
1656 536 1769 614 debuit,

46 615 218 688 redierunt,
235 622 263 674 et
274 619 419 689 concepta
433 616 513 688 pacis
529 615 691 673 concordia
714 615 803 673 cartis
817 631 889 673 eon·
942 615 973 672 in
984 616 1072 689 cujus
1087 619 1475 694 archirismagnapecunia
1491 638 1611 681 summa
1625 627 1771 688 contineri

46 707 206 763 firmatur.
942 704 1117 777 putabatur.
1135 708 1249 775 Quibus
1263 725 1316 783 per
1326 709 1455 784 priorem
1471 715 1499 769 ei
1514 713 1646 772 seniores
1659 731 1771 776 resera·

93 799 137 850 15.
154 798 241 852 Anno
253 793 372 852 Domini
387 796 456 852 7880
467 792 565 850 Adam
573 792 611 849 66
625 792 821 864 Ardingbem,
836 792 888 849 ab·
942 794 1322 867 tis,corrigiissaocuiorum
1332 801 1414 857 extra
1425 798 1580 859 clausuras
1594 803 1769 878 dependen-

45 892 111 940 nas
125 882 222 954 huius
236 882 304 952 loci,
318 899 388 941 curn
401 887 519 939 strenue
529 881 780 953 prefuisset,anno
791 880 888 954 prela·
942 881 1033 951 tibus,
1044 885 1131 943 vacui
1140 887 1254 945 sacculi
1266 887 1440 962 pluressunl
1452 890 1573 965 inventi,
1586 892 1629 951 ibi
1640 898 1769 954 tantum·

45 971 146 1028 tionis
163 987 228 1028 sure
240 976 284 1044 38,
300 971 399 1029 ttidus
414 971 548 1044 Augusti,
565 969 747 1028 circanoctis
757 968 887 1026 medium
942 971 1033 1029 modo
1045 972 1081 1029 66
1093 973 1176 1032 libris
1190 981 1325 1035 veterum
1344 994 1517 1053 grossorum
1528 983 1661 1055 repertis,
1677 999 1769 1058 super

46 1061 161 1118 devote
171 1061 412 1119 communicatus
422 1064 451 1117 et
462 1060 604 1117 inunctus
616 1059 700 1127 obiit,
714 1059 801 1131 cujus
823 1073 887 1116 cor·
941 1074 1003 1133 quo
1015 1062 1114 1134 gravis
1125 1064 1258 1139 suspicio
1270 1066 1768 1146 ergafamiliaressuosconsangui-

46 1166 110 1223 pus
126 1151 415 1224 cumsolempnibus
423 1149 573 1223 exsequiis
582 1151 720 1223 sequenti
735 1148 826 1206 tercia
836 1147 885 1205 die
940 1162 1014 1206 neos
1024 1150 1201 1211 habebatur.

46 1235 885 1312 inmedionarismonasteriihnjussuopredecessoriin

675 1392 718 1448 DE
731 1388 854 1449 etesiis
868 1388 1154 1453 interlinearis,

89 1541 469 1602 t.1lunotiominieodem
484 1545 562 1609 1886,
578 1556 660 1600 anno
672 1539 803 1614 idulphi
818 1541 888 1597 Leo
942 1554 1022 1599 eram
1036 1542 1157 1604 intrant.
1166 1548 1317 1607 tlanutum
1330 1548 1769 1626 cumviliisadjaceutibusoon·

49 1629 170 1689 diensis
177 1631 365 1706 episcopii&
379 1630 506 1705 imperio
518 1635 638 1704 propter
646 1627 887 1688 excommunice-
940 1628 1177 1691 humectaret.
1194 1635 1305 1694 Eodem
1321 1654 1435 1706 manse,
1450 1644 1467 1698 6
1481 1641 1544 1699 Kal.
1574 1643 1649 1717 iteii,
1673 1644 1769 1704 domi·

50 1727 116 1778 tum
131 1720 322 1779 Ludovicum
331 1725 509 1780 bauwarum
522 1718 560 1757 ⁸⁷⁸
570 1725 706 1788 vacante,
718 1719 828 1777 electus
842 1724 887 1775 est
901 1747 924 1805 B
940 1718 1010 1776 nica
1024 1720 1217 1795 Quasimodo,
1229 1724 1552 1804 Adulpbusepiscopus
1566 1738 1635 1805 post
1648 1749 1769 1794 concor·

49 1809 80 1867 in
89 1808 238 1866 abbatem
244 1808 337 1881 hujus
345 1808 543 1867 iocidmelius
550 1809 588 1867 de
602 1805 887 1872 sconouweneliter
940 1806 1024 1865 dirm
1039 1812 1329 1887 cumpratrianuper
1341 1814 1630 1887 iactam,comitatus
1645 1822 1766 1894 pretatis

49 1896 153 1956 dictus
168 1897 346 1970 ilesscereii,
365 1902 397 1955 tt
411 1898 477 1956 Kal.
490 1897 672 1964 Decembris,
684 1901 713 1955 et
726 1895 830 1971 paucis
843 1895 886 1952 in·
939 1895 1138 1971 principibus,
1146 1899 1307 1960 inobviam
1313 1903 1370 1961 sibi
1376 1906 1635 1977 processionaliter
1647 1909 1726 1968 ciero
1738 1918 1767 1970 et

48 1986 638 2061 terpoletisdiebus,presentibusibidem
644 1986 806 2046 abbatibus
813 1987 886 2045 San·
939 1986 1053 2060 populo
1068 1989 1309 2060 procedentibus,
1323 1992 1481 2061 civitatem,
1502 2011 1596 2071 aqua
1611 1999 1766 2071 septennio

48 2076 88 2133 cti
102 2077 213 2135 iacobi
224 2077 257 2135 in
280 2076 390 2136 Leodio
404 2085 433 2135 et
447 2078 546 2136 Sancti
561 2076 666 2151 Egidii,
681 2080 883 2136 consecratur.
939 2075 1050 2134 absens
1065 2077 1102 2114 Μ’
1114 2082 1187 2148 erat,
1201 2094 1255 2153 per
1277 2084 1396 2155 portam
1411 2086 1513 2141 sancte
1526 2084 1702 2160 Walburgis
1720 2089 1766 2145 in·

49 2166 150 2224 incid.
164 2164 303 2241 [liccem.
317 2182 347 2233 rr,
364 2165 422 2241 ta]
433 2169 522 2226 Anno
536 2166 673 2242 sequenti
697 2168 800 2224 Petrus
827 2166 885 2222 An·
940 2165 1061 2232 uolens,
1079 2166 1116 2224 ab
1133 2182 1213 2242 equo
1228 2166 1392 2241 descendit,
1408 2174 1437 2230 et
1450 2171 1604 2246 ingressus
1620 2175 1767 2249 capellam

48 2255 885 2330 dricas.quicommunitetemLeodiensemtanquamca·
940 2253 1052 2326 prefate
1067 2254 1198 2330 virginis,
1215 2258 1433 2332 pontificalibus
1446 2261 1589 2322 induitur.
1605 2264 1659 2321 Ubi
1671 2281 1769 2337 prece·

49 2344 196 2416 pitaneus
210 2343 263 2401 diu
276 2344 358 2413 rexit,
372 2361 443 2402 curn
456 2345 518 2402 suis
533 2344 699 2402 fautoribus
712 2359 838 2402 numero
850 2344 885 2400 88
939 2343 1029 2401 dente
1039 2346 1544 2421 processionesollempniecivitate
1556 2351 1769 2411 honorificare-

52 2450 107 2505 per
115 2435 307 2493 sentenciam
321 2432 515 2492 scabinorum
529 2434 612 2508 apud
624 2434 747 2491 Votbem
762 2433 885 2506 proscri-
939 2437 1054 2507 ceptus,
1074 2435 1290 2494 monesterium
1310 2438 1406 2495 sancii
1429 2440 1577 2498 lamberti
1593 2441 1767 2514 ingreditur.

51 2523 144 2581 bitur.
157 2524 252 2580 incid.
266 2521 391 2597 [Eodem
405 2538 486 2581 anno
511 2523 624 2581 villicus
647 2522 788 2580 ienensis
809 2526 885 2595 (767)
939 2522 1037 2580 Incid.
1053 2523 1162 2580 biensis
1177 2524 1313 2596 ejusdem
1325 2525 1371 2584 die
1386 2528 1520 2600 iproleti
1534 2531 1685 2605 principes
1697 2550 1765 2590 cunr

50 2611 463 2684 adiussumlobanuisdueis
476 2612 761 2684 brabanciepaunos
772 2628 885 2669 merca·
939 2610 1047 2668 comite
1061 2612 1182 2669 Barensi
1195 2612 1296 2671 Leodii
1305 2615 1533 2683 conveniunt‚et
1545 2617 1616 2675 tidie
1630 2624 1768 2693 sequenti

51 2706 154 2759 torum
168 2701 252 2775 opidi
267 2701 568 2760 Senoiilrudonisad
580 2700 732 2759 nundinas
743 2700 885 2759 devectos
939 2715 1009 2757 cum
1024 2699 1166 2773 episcopo
1185 2705 1215 2758 et
1238 2701 1394 2760 Leodiensi
1420 2705 1560 2771 exercitu,
1590 2707 1768 2779 precedente

50 2790 234 2864 insequitur.
249 2790 387 2857 Quidum
401 2789 663 2864 aquadrigariisin
673 2789 884 2864 proximamil·
939 2788 1103 2856 standario,
1113 2788 1310 2847 brabanciam
1317 2790 1498 2850 octodiebus
1510 2793 1686 2853 incendiiset
1700 2810 1767 2869 spo·

49 2877 89 2935 lie
102 2878 268 2937 ecelesiam
281 2880 359 2937 intra
371 2880 512 2938 terminos
518 2878 681 2937 Brabaneie
689 2878 776 2937 sitam
791 2895 886 2937 causa
902 2886 923 2943 c
939 2878 985 2935 iiis
997 2878 1198 2949 devastantes,
1211 2895 1307 2952 usque
1322 2880 1360 2938 ad
1369 2886 1502 2939 montem
1513 2882 1637 2941 Wiberti
1648 2885 1724 2958 (778)
1739 2889 1768 2942 et

50 2967 179 3041 presidii
194 2967 885 3043 essentdepositi‚abeodemriclenterrapiun·
939 2967 1127 3035 Getdoniem,
1147 2968 1299 3027 suburbiis
1313 2969 1454 3029 Geldonie
1466 2986 1521 3046 pro
1533 2977 1616 3047 parte
1644 2973 1768 3044 exustis,

52 3063 100 3116 tur
115 3063 147 3136 et
161 3056 350 3116 auferuntur.
364 3058 419 3116 Ubi
432 3058 506 3115 dum
522 3057 646 3132 quidem
665 3075 701 3115 ex
715 3058 885 3116 mercatori·
939 3063 1152 3130 pervagantur,
1163 3057 1240 3116 duce
1251 3059 1388 3118 iohanne
1394 3076 1464 3118 eum
1475 3061 1769 3122 mullitudineerme·

50 3146 109 3204 bus
122 3145 235 3220 prelati
253 3146 335 3220 opidi
354 3145 554 3220 spolieutibus
568 3147 720 3214 resistunt,
749 3147 886 3205 atrociter
940 3151 1040 3204 torum
1055 3147 1133 3205 intre
1143 3146 1306 3206 claustrum
1323 3148 1528 3208 Heilcbinense
1551 3167 1616 3209 sese
1643 3156 1768 3221 tutante,

50 3234 262 3293 vulnerentur.
278 3235 400 3310 Propter
409 3236 493 3310 quod
505 3236 545 3294 ab
560 3236 683 3295 ecclesia
698 3236 887 3294 Leodiensiel
940 3241 968 3293 et
980 3234 1087 3293 ibidem
1101 3236 1223 3295 baltheo
1237 3236 1346 3295 milicie
1361 3237 1502 3311 insignito
1522 3240 1608 3315 (776),
1631 3240 1663 3298 iu
1684 3241 1770 3300 nullo

51 3341 70 3381 a
84 3324 208 3382 civitate
223 3324 286 3381 dux
298 3340 350 3398 per
364 3324 596 3383 ambassiatores
612 3326 687 3399 (768)
714 3324 885 3399 requiritur,
940 3323 1768 3406 suedeiendentelbielaborentecomiteiiannonie(777),

53 3420 85 3469 ut
97 3413 206 3471 ablata
219 3414 420 3480 restituantur,
437 3429 474 3472 ne
497 3413 605 3471 similia
635 3418 738 3473 contra
757 3413 887 3472 Braban·
938 3413 1008 3473 lieet
1018 3414 1086 3488 ipso
1095 3414 1244 3482 renitente,
1256 3419 1358 3487 treuge
1373 3432 1469 3491 usque
1481 3422 1550 3492 post
1560 3420 1704 3478 lobannis
1717 3420 1770 3478 ba·

53 3502 135 3560 ciam
143 3503 331 3562 committere
343 3501 787 3578 compenurtur⁵⁷⁸.ncspondit
798 3502 862 3562 dux
876 3519 884 3561 ι
939 3503 1028 3578 ptiste
1044 3502 1173 3562 stabilite
1186 3510 1267 3576 sunt,
1282 3505 1382 3578 sicque
1394 3506 1425 3563 in
1439 3505 1488 3565 die
1503 3508 1629 3566 servacii
1640 3509 1714 3582 (778)
1728 3509 1769 3568 ad

54 3591 102 3648 rid
116 3592 381 3650 rrectaaoemcam
392 3591 886 3665 episcopoprestosemsertrrauo-
939 3607 995 3650 sua
1008 3592 1132 3665 quilibet
1143 3592 1305 3652 redieruut.
1318 3595 1413 3652 incid.
1427 3596 1488 3663 Quo
1500 3594 1650 3656 discordia
1658 3614 1708 3672 per
1722 3615 1767 3657 er-

53 3681 196 3738 uentibus
206 3682 297 3740 misti
311 3682 527 3754 injuriantibus
541 3681 638 3739 neilus
652 3682 883 3741 e'nducr'asdobo.
938 3680 1060 3739 bitrium
1073 3682 1154 3754 regis
1168 3682 1289 3741 Francia
1304 3682 1444 3757 Philippi,
1459 3690 1608 3758 quantum
1639 3688 1677 3744 ad
1689 3688 1766 3760 inju-

55 3769 152 3828 ineid.
169 3769 351 3844 [Housmam
369 3769 427 3845 te]
440 3774 526 3828 Anno
542 3771 659 3828 Domini
681 3772 761 3839 6888,
782 3775 798 3827 9
819 3771 882 3829 Kal.
938 3771 1052 3828 riarum
1068 3786 1275 3845 causas,quas
1287 3771 1367 3830 idem
1380 3772 1441 3828 dux
1459 3772 1602 3848 episcopo
1625 3778 1654 3833 et
1674 3776 1771 3848 opido·

52 3858 131 3931 itali,
146 3858 304 3933 Adulpbus
319 3860 490 3934 episcopus,
503 3861 654 3918 iohannes
668 3876 721 3918 rex
731 3860 882 3926 Bobemie,
939 3860 1039 3916 Sancti
1051 3858 1199 3917 trudonis
1216 3859 1325 3928 intulit,
1346 3861 1388 3917 sie
1405 3858 1584 3920 discutitur:
1610 3863 1717 3929 ano,
1734 3870 1766 3921 ut

54 3946 305 4021 archiepiscopus
318 3947 502 4006 coloniensis
512 3948 598 4021 (768),
610 3949 732 4005 comites
748 3947 884 4006 Gbeimn·
899 3963 923 4018 ι)
939 3947 1095 4006 Leodiensi
1108 3948 1251 4021 episeopo
1265 3947 1327 4005 dux
1340 3949 1406 4023 ipse
1417 3949 1580 4009 satisfaciat
1598 3952 1635 4010 de
1647 3952 1769 4024 injuriis·

54 4036 104 4103 sis,
125 4035 305 4093 lubecensis
319 4036 406 4110 (770),
426 4036 576 4094 iiasrensis
599 4037 686 4110 (777),
707 4039 885 4095 Nammccn-
939 4035 1041 4103 illatis,
1055 4041 1085 4094 et
1099 4040 1170 4094 tunc
1181 4036 1370 4095 interdictum
1383 4043 1555 4108 revocetur;
1575 4040 1718 4109 secundo,
1734 4047 1771 4101 ut

55 4125 97 4183 sis
114 4123 203 4198 (778),
216 4125 370 4183 loscensis
390 4126 475 4198 (778),
505 4130 533 4183 et
558 4126 691 4184 domnus
715 4127 753 4183 de
780 4126 884 4185 ruke-
938 4124 1079 4200 opidanis
1094 4126 1195 4183 Sancti
1205 4126 1351 4185 trudonis
1367 4128 1500 4201 dampna
1525 4128 1563 4186 de
1584 4130 1692 4203 pennis
1712 4129 1769 4189 eibi

54 4215 223 4286 monime)
233 4230 303 4272 eum
316 4213 378 4271 suis
391 4213 666 4273 ducemilrabancie
673 4214 816 4273 defidant.
829 4217 885 4284 Qui
939 4214 1048 4274 ablatis
1060 4214 1265 4272 restituantur.
1280 4216 1343 4283 oue
1355 4215 1460 4274 omnia
1475 4221 1612 4291 utraque,
1624 4223 1713 4292 prout
1726 4235 1772 4277 ar·

54 4316 175 4370 omnes,
188 4303 588 4378 archiepiscopocolonicnsi
601 4303 884 4363 etcomiteilerrensi
938 4303 1067 4363 bitratus
1081 4307 1126 4360 est
1137 4318 1199 4371 rex,
1213 4303 1353 4378 conpleta
1364 4309 1453 4377 sunt3
1467 4304 1521 4362 sed
1533 4303 1572 4362 de
1583 4306 1699 4378 injuriis
1707 4321 1773 4380 pre·

55 4390 329 4466 exeeptis,consiiio
345 4392 449 4452 habito
462 4394 706 4466 cummajmibus
715 4394 886 4452 leodiensis
939 4392 1009 4452 tatis
1024 4391 1181 4451 comitibus
1194 4391 1284 4449 illatis
1298 4407 1353 4465 per
1366 4393 1485 4464 ducem,
1500 4393 1571 4468 quie
1580 4409 1771 4467 congruere-

54 4481 149 4555 patrie
165 4479 205 4539 ob
221 4481 346 4555 injurias
360 4482 533 4556 perducem
545 4482 603 4540 sibi
630 4483 738 4553 illatas,
754 4485 887 4544 866666-
941 4497 1095 4557 conpensu
1110 4485 1185 4556 (778)
1195 4480 1320 4540 minime
1334 4485 1378 4540 est
1392 4487 1566 4553 consecuta,
1592 4483 1696 4542 iterato
1708 4483 1770 4542 dux

742 4581 863 4641 vetttAE
875 4581 1074 4644 LEGitONES.

90 4706 130 4743 ⁸²·
144 4706 275 4764 itaurum
288 4707 328 4765 1·.
366 4706 404 4744 ⁸¹⁴
416 4705 625 4780 conpatientur
637 4709 674 4765 t'.
712 4707 751 4746 ⁸²⁸
764 4707 876 4769 obrem
892 4711 928 4767 Γ.

852 4832 965 4893 NOTAE.

980 4933 1035 4991 tre
1063 4928 1234 4989 liciueldus.

100 5003 154 5057 768
186 4999 258 5058 Vide
273 5000 464 5059 liocsemium
477 5000 511 5067 li,
523 5004 565 5068 17,
591 5016 634 5074 qu
647 5015 727 5058 uuus
753 5009 817 5061 erat
844 5018 881 5060 ex
1002 5006 1037 5060 76
1067 4999 1392 5060 mont-sententium.

51 5071 100 5129 bis
111 5070 231 5142 legatis.
245 5072 300 5129 Cir.
317 5072 405 5129 etiam
419 5071 457 5129 66
468 5071 645 5131 bisJoannie
659 5072 826 5147 presbyteri
840 5072 882 5134 lo·
982 5072 1036 5131 776
1066 5072 1109 5131 La
1131 5088 1184 5130 sus
1203 5076 1249 5130 eet
1266 5075 1388 5142 auctor;
1400 5075 1434 5131 ut
1444 5086 1481 5132 ex
1500 5073 1657 5134 ilocsemio
1671 5080 1760 5150 patet,

52 5159 123 5200 cum
138 5144 222 5215 apud
238 5144 435 5216 Chapeavilie.
456 5149 495 5209 lt,
513 5145 560 5199 tlt
671 5148 679 5162 '
935 5144 1106 5220 pluresviri
1142 5143 1219 5201 alteo
1233 5143 1364 5216 insigniti
1375 5147 1453 5201 sunt.

86 5217 155 5287 (768
189 5215 388 5273 Weleramus.
972 5216 1035 5287 (777
1067 5217 1194 5273 toanns.

87 5287 156 5356 (770
189 5285 372 5344 Guiltelmus.
972 5286 1036 5357 (778
1068 5289 1099 5343 tt
1115 5285 1180 5367 itai,
1196 5284 1382 5344 6888176666
1403 5287 1441 5344 66
1455 5287 1513 5347 bae
1536 5303 1611 5363 pace
1635 5292 1764 5350 conscri-

99 5358 149 5415 'llt
185 5358 355 5416 Eduardua.
935 5368 997 5433 pue
1006 5361 1077 5415 sunt
1090 5371 1098 5423 ;
1113 5355 1182 5413 666
1194 5358 1371 5416 Ernetvltl.

98 5428 154 5485 778
184 5430 315 5488 ioannes
971 5427 1049 5502 (778)
1066 5427 1264 5499 sermm.

88 5501 153 5572 (778
185 5498 365 5560 Ludorieus.

102 4932 154 4986 767
188 4929 210 4985 i.
230 4944 256 4987 c.
269 4927 524 4987 Tirlemontensis.
