3884 6050
3 277 89 341 1389
549 271 666 337 EPIST.
692 273 740 336 lb
761 269 983 338 elimaeos.
1006 269 1177 336 lamecu.
1642 273 1718 338 laen

48 408 196 477 Quoniam
211 406 393 466 celsitudinis
402 409 507 464 vestra
528 407 695 465 reverentia
718 406 755 463 de
774 404 839 463 viro
855 407 879 470 Α
894 404 987 469 Pauli,
1004 402 1608 477 muimuscultorexstitissecognoscitur.
1622 405 1722 465 Sihoc

14 496 150 554 meffabili
164 511 208 554 me
223 512 345 570 quoque
360 495 415 552 lari
422 496 618 563 commonuit,
629 495 702 569 elegi
711 494 777 568 plus
789 510 840 568 ap
895 493 987 549 modo
1001 493 1258 566 culpamevsserc,
1274 493 1552 565 vestroedignationi
1565 495 1723 569 deputabi-

2 584 722 658 parerepraesumptortemerarius,quamvestrae
737 584 841 641 volun·
894 586 953 646 tur,
968 581 1137 654 quideditis
1152 582 1275 651 animos,
1296 586 1328 639 ut
1342 583 1722 656 inciperemetccngruum

4 675 64 731 tati
82 674 256 731 contrarius.
270 676 302 730 Et
313 674 429 747 quidem
450 672 523 729 tanti
543 673 692 729 lucernam
726 672 841 728 luminis
894 670 983 727 rebus
997 670 1319 745 ordinempraefixistis.
1333 672 1463 744 [lenique
1482 672 1649 744 jussionem
1674 689 1723 730 ve·

3 778 104 819 aureo
121 761 336 818 sustollendam
351 759 530 817 candelabro
539 776 627 832 super
640 760 840 817 arundineum
896 765 989 815 stram
1003 764 1084 815 tanta
1098 759 1258 817 comitatur
1269 759 1413 828 efficacia,
1428 761 1667 836 quodquidquid
1679 761 1724 818 in·

4 850 157 920 etlragile
176 849 349 906 vehiculum
376 849 514 906 attollens
543 848 642 905 videor
669 850 840 922 deprimere,
894 848 1019 920 jungitis
1034 848 1291 919 nongravat‚licet
1301 848 1621 908 arduumsitanaturs.
1631 852 1722 908 Unum

3 940 89 995 dum
101 938 199 995 levare
214 938 301 1010 cupio
318 955 325 1005 ;
343 943 430 1011 utque
446 937 680 994 trabuutoculos
695 936 843 994 radiantia
896 934 1598 1009 difficiloreperiqucdmeamagisieceredeliote
1611 938 1723 996 mundo

1 1027 129 1084 lumina
140 1025 213 1083 solis
228 1026 283 1082 :ita
292 1025 385 1082 nimio
394 1025 439 1081 sui
447 1025 605 1099 splendore
613 1031 721 1082 nostrae
735 1025 842 1082 mentis
896 1040 945 1081 me
960 1023 1122 1090 redditum,
1135 1026 1188 1098 qui
1202 1025 1655 1085 duramPhareonisservitutem
1667 1026 1722 1084 ab·

1 1114 307 1174 hebetudinemtanti
323 1114 737 1188 petronigestareverberant.
754 1115 842 1171 Caete-
896 1112 1078 1170 dicaveram.
1093 1115 1177 1169 Nunc
1188 1114 1320 1188 primum
1336 1114 1478 1188 novijem
1490 1115 1521 1172 in
1536 1116 1621 1174 terris
1636 1115 1723 1174 ccele-

2 1222 81 1263 rum
91 1210 124 1262 ut
139 1202 315 1261 mendicatis
325 1203 482 1260 tinnulisve
498 1206 564 1260 utar
575 1203 777 1271 sermonibus,
897 1201 950 1258 stis
961 1202 1046 1273 regui
1058 1200 1308 1260 babitaculumo
1322 1202 1346 1260 si
1352 1202 1453 1261 liceret
1459 1203 1582 1262 ulterius
1594 1204 1722 1262 cratibus

50 1293 80 1352 Si
95 1309 151 1351 vox
158 1290 313 1364 infragilis,
329 1297 432 1365 peetus
446 1290 643 1349 mibifirmius
658 1297 746 1364 esset,
769 1285 773 1292 ’
895 1295 1066 1347 sanctorum
1075 1291 1217 1348 associari
1227 1291 1366 1364 lpedibus
1373 1292 1722 1370 vestrisprocumberem,

86 1381 235 1455 Pluraque
250 1395 320 1436 cum
332 1379 440 1450 linguis
458 1379 592 1453 pluribus
602 1379 769 1448 oratorent,
895 1394 963 1436 nea
981 1378 1132 1436 consortio
1143 1379 1302 1437 beatorum
1315 1380 1459 1437 obsessus
1484 1382 1568 1438 omni
1597 1381 1724 1440 crimine

48 1474 115 1530 Non
128 1474 228 1528 temen
240 1468 350 1525 idcirco
360 1467 574 1541 complecterer
588 1469 683 1528 omnia
694 1468 805 1527 verbis.
896 1467 1079 1525 excluderer.
1091 1467 1152 1539 Ego
1164 1467 1265 1526 socius
1280 1468 1443 1540 peccatiset
1456 1469 1601 1544 spoliatus
1612 1469 1718 1542 virtuti

85 1558 206 1618 llateria
220 1557 298 1615 vires
313 1563 509 1630 exsuperante
516 1573 600 1615 meas
614 1576 621 1614 :
894 1556 964 1622 bus,
978 1554 1186 1627 languentium
1199 1555 1334 1615 medicos
1346 1556 1517 1616 animarum
1538 1558 1681 1626 adieram,
1696 1563 1725 1616 et

47 1648 156 1707 invida
164 1663 209 1704 me
221 1645 319 1721 spatio
333 1651 442 1705 natura
451 1647 582 1704 coercuit
589 1651 680 1705 arcto.
896 1644 1434 1720 iterumlatronibusexpositusplegis
1444 1646 1723 1706 recrudescentibus

86 1735 207 1811 ingenio
218 1737 296 1793 vires
306 1735 491 1808 exiguasque
501 1734 592 1791 dedit.
860 1770 884 1830 B
896 1733 1059 1807 compellor
1072 1732 1241 1791 exclamare
1254 1751 1262 1791 :
1278 1735 1456 1793 Putruerunt
1464 1739 1493 1794 et
1503 1740 1723 1809 corruptaesunt

47 1825 125 1895 Quia
139 1840 208 1882 vero
222 1823 305 1881 bona
319 1824 458 1881 voluntas
472 1838 527 1897 pro
538 1822 617 1881 iacto
627 1839 707 1898 seepe
720 1829 841 1899 reputa-
896 1822 1050 1880 cicatrices
1062 1837 1137 1879 mee
1151 1839 1159 1879 ε
1174 1821 1446 1894 egomorbidaoris
1456 1823 1558 1899 procul
1569 1824 1722 1883 astabulis

6 1921 72 1984 tur,
88 1915 113 1971 si
124 1929 182 1970 non
198 1917 242 1972 est
256 1912 337 1970 unde
349 1917 540 1986 comparetur
563 1913 658 1983 gratia
681 1914 768 1972 venia
787 1914 842 1972 sal-
896 1911 1051 1980 aberrans,
1060 1911 1173 1968 nisime
1179 1913 1246 1985 pius
1252 1919 1356 1986 pastor
1364 1912 1499 1980 reducat,
1506 1914 1564 1971 cito
1572 1912 1720 1987 deficiam,

4 2009 69 2061 tem
81 2018 144 2059 non
157 2001 328 2073 negabitur.
349 2000 422 2056 Hinc
437 2006 480 2057 est
492 2000 575 2074 quod
585 2000 675 2057 vidua
694 2018 762 2075 quae
781 2003 842 2061 duo
897 2005 925 2057 et
937 2002 968 2058 in
983 2001 1050 2074 ipso
1061 2001 1221 2058 conamine
1234 2002 1356 2073 vestigia
1364 2002 1722 2074 concidentassurgentis.

5 2092 94 2150 misit
108 2107 168 2148 cera
178 2090 209 2147 in
229 2089 845 2164 gazophylacium,Oroesidivitiispraetera.
897 2088 959 2161 Ego
969 2089 1114 2162 prodigus
1130 2089 1178 2146 ille
1192 2090 1392 2148 substantiam
1403 2090 1495 2147 Patris
1507 2090 1632 2166 perdidi,
1649 2090 1724 2149 dnm

6 2183 61 2236 tur
75 2193 82 2234 :
98 2178 170 2251 quia
181 2177 330 2233 sinceram
344 2176 526 2233 devotionem
546 2177 689 2234 obtulisse
716 2178 844 2236 creditur
895 2177 1724 2254 quodCluniacuedocuitltomnservarenonpotui.ligo

7 2266 123 2324 divitiis
135 2265 277 2322 didcrem.
290 2265 449 2338 Oportebat
468 2280 541 2322 sane
555 2280 616 2321 non
639 2265 669 2322 in
694 2266 843 2338 sapientia
895 2282 934 2324 ne
945 2282 1014 2325 curn
1029 2267 1125 2324 mutus
1143 2267 1271 2341 perirem
1286 2270 1338 2325 lot
1359 2267 1561 2339 egredientem
1581 2269 1623 2327 ad
1640 2285 1724 2328 mon·

7 2354 99 2412 verbi
112 2360 247 2410 sanctum
256 2351 359 2411 efferre
377 2353 430 2427 qui
446 2369 569 2410 sucrum
597 2354 662 2411 luce
677 2354 842 2413 meritorum
897 2359 966 2414 tana
976 2355 1351 2431 sequiproposuerem,sed
1365 2359 1611 2432 retrorespiciens
1623 2375 1724 2417 versus

10 2447 166 2499 coruscat.
183 2441 230 2499 Sic
259 2441 326 2499 licet
338 2442 448 2498 mensis
461 2441 612 2513 regalibus
629 2448 784 2499 nectareus
805 2445 842 2501 li·
895 2444 926 2502 in
938 2451 1068 2503 statuam
1081 2446 1198 2502 semitas
1209 2446 1604 2518 iustorumnoncbservavi.
1617 2450 1726 2523 Super·

11 2538 94 2604 quor
108 2531 216 2602 patulis
232 2529 429 2587 distiibuatur
442 2529 528 2596 fialis,
541 2535 642 2586 tamen
664 2530 694 2586 in
709 2533 842 2602 augrrstis
895 2539 940 2591 est
954 2537 989 2590 ut
997 2532 1213 2606 magnitudinis
1226 2538 1329 2591 vestra
1340 2534 1507 2602 clementia,
1532 2553 1581 2595 me
1604 2537 1722 2610 regredi

11 2618 135 2693 cyathis
149 2617 292 2675 interdurn
308 2617 491 2691 propinetur.
507 2618 774 2692 Dignumproiecto
788 2620 843 2678 init
895 2621 935 2680 ab
950 2623 1023 2679 urbe
1034 2622 1724 2697 praecipiatquiprogredinonpossumctoratu

13 2713 49 2764 ut
59 2706 121 2764 uita
131 2706 213 2763 illius
225 2709 321 2763 Romae
337 2705 537 2778 particulatim
565 2707 752 2777 scriberetur,
777 2710 840 2782 qui,
895 2709 1021 2768 fratrum
1035 2709 1182 2769 mesanoti
1197 2711 1723 2789 Spiritusauraprovebatadportum

11 2797 91 2853 dum
115 2797 198 2864 vixit,
224 2796 423 2855 Romanorum
437 2794 609 2870 principum
634 2797 710 2853 Petri
736 2796 803 2855 dico
814 2802 843 2857 et
895 2805 1047 2875 optatum.

11 2973 1724 3014 ἢ

247 3108 569 3234 llPlTOllE
622 3109 811 3231 VlTAE
860 3110 1119 3237 SANCTl
1168 3115 1496 3242 HUGONIS
1570 3186 1573 3191 ·

534 3356 767 3446 laesus
812 3355 1203 3449 enunrlcnusrs

57 3546 113 3613 Ab
125 3541 390 3622 metereaque
404 3536 541 3615 Gitone,
558 3534 719 3618 proxime
731 3535 776 3602 ab
790 3535 888 3605 obitu
901 3537 1015 3603 sancti
1029 3539 1182 3623 scriptas,
1198 3556 1262 3623 per
1275 3529 1490 3623 anonymum
1504 3545 1680 3629 excerpta.

550 3642 635 3714 (Vide
648 3643 824 3714 patrologiae
839 3648 911 3702 tom.
928 3645 1018 3716 ctlx,
1033 3646 1090 3705 col.
1104 3647 1187 3720 sle.)

16 3821 1725 3862 m

326 3962 590 4060 HISTORIA
638 3961 710 4050 DE
749 3958 846 4051 vll
888 3959 1414 4054 Hlltltosottttrtlltl

710 4141 871 4201 AUGlORE
885 4141 1015 4200 Gllolllt

565 4265 651 4339 (Vide
661 4265 838 4340 Petrologiae
847 4273 920 4324 torn.
935 4265 1014 4339 GLV,
1027 4264 1083 4324 col.
1098 4266 1175 4340 000.)

18 4443 1728 4482 μ

303 4583 599 4710 Gltoltls
653 4575 1059 4706 TUSCULANI
1118 4575 1445 4700 EPISCOPI

696 4758 821 4818 uscarl
841 4753 1049 4812 apostotici

22 4887 207 4954 Acerrime
220 4886 274 4952 dis
301 4886 408 4953 utatio
426 4885 595 4952 adversus
612 4877 1114 4969 Antiochenumpatriaroham
1133 4874 1427 4969 quodnolitpapae
1436 4881 1726 4949 Romanoconce

62 4969 147 5034 dere
186 4904 363 5058 rimafum
379 4970 577 5032 contemnat
591 4967 710 5032 literas
732 4958 1202 5054 papae,ign0mrn1aalflcrat
1227 4957 1367 5041 papales
1396 4958 1545 5042 legatos,
1576 4978 1724 5048 seseque

63 5064 136 5116 non
191 5065 265 5115 rum
279 5048 382 5123 dicat,
398 5045 460 5112 sed
474 5046 620 5113 tratrem
634 5061 745 5129 papea,
776 5061 856 5109 oum
876 5056 1008 5124 rnJurra
1023 5038 1200 5121 Decalogr.

766 5140 856 5215 Apud
875 5142 1017 5197 Lanuuio.
1032 5136 1175 5207 scocie
1186 5150 1257 5193 mea.
1272 5135 1361 5208 dipl,
1374 5153 1403 5210 p.
1414 5138 1481 5197 aaa.

13 5424 15 5485 ζ
59 5400 380 5461 Eornruslusculauus
396 5401 563 5475 episcopus,
587 5398 852 5474 apostolicaesedis
902 5399 965 5457 imo
979 5395 1734 5470 subinterminationemagnidiscrimiuisoumeru·

13 5486 394 5593 defletusltautioehenc
408 5488 689 5588 patriarchalium
707 5488 851 5589 relatione
899 5487 1053 5589 beroentis
1065 5485 1213 5557 declamo,
1229 5488 1446 5588 experientiam
1471 5489 1636 5563 proterens,
1670 5505 1735 5548 uon

34 5594 90 5639 on
105 5577 197 5639 didici
211 5577 258 5637 vel
269 5577 511 5638 ramusculorum
522 5578 848 5655 deceptoriasartetcta
899 5582 1115 5653 coniecturam.
1128 5577 1356 5654 &sumpseras
1365 5591 1433 5656 iam
1444 5593 1652 5661 sepenumero
1665 5591 1737 5640 san·
