3884 6050
150 209 205 270 iil
706 198 863 263 nocuae!
883 192 1043 259 seems
1063 199 1094 262 S.
1116 200 1307 271 baubonis.
1796 205 1856 267 hii

147 340 223 397 uicit
243 337 356 401 viritas,
372 341 397 390 et
409 333 544 405 petitione
567 330 858 391 nostrauenerabitis
869 329 977 399 fratris
993 329 1017 390 Α
1031 331 1589 409 omdiceemdrcanmrmoere,omnss
1602 337 1857 407 effestucaverunt,

148 433 240 485 nostri
247 421 700 494 Leodisnsisepnropittdmmis
709 419 867 478 coemenda
873 419 976 488 firma·
1030 426 1057 476 et
1066 422 1179 480 cheas
1190 430 1216 481 et
1226 441 1305 484 naor
1319 428 1385 499 ejus
1397 425 1614 499 Enperttrudis
1625 426 1666 483 od
1675 441 1818 482 masseca
1830 431 1859 484 et

147 509 976 585 etsomsoricas‚prrnomesimolensejudimmmpomro
1027 507 1860 584 ritiornmsncramdemanattodatfiablutiseoramsro-

146 604 227 663 ittud
236 600 564 661 venientesanutbemati
572 608 597 658 et
607 606 715 658 eterna
722 595 974 668 dampnationimi·
1029 598 1134 665 tribus,
1145 602 1270 659 scabinis
1282 608 1311 660 et
1319 603 1440 675 paribus
1453 603 1581 660 eramala
1606 601 1859 673 bereditariojurs

147 690 522 763 siresipnerint,snbjacere
529 686 895 747 decrevimusliominibus
908 699 974 741 nos·
1028 692 1302 762 consumpserim
1319 698 1353 749 ut
1367 697 1436 748 rato
1450 697 1478 749 et
1497 693 1662 749 inconuulsa
1674 696 1855 761 permanent,

147 782 203 840 tris
211 780 391 853 precipimus
403 795 455 852 per
463 778 552 849 tidem
565 779 648 835 nobis
658 777 794 842 debitam,
803 781 836 831 nt
849 774 972 832 ecclesia
1027 776 1100 834 sieut
1114 779 1150 835 ab
1162 786 1343 839 antecessore
1355 796 1415 839 neo
1426 782 1597 852 factasunt,
1609 782 1652 838 sic
1666 786 1693 839 et
1703 795 1723 837 a
1733 780 1813 837 nobis
1825 782 1856 837 in

141 870 193 942 ins
205 885 292 927 suum
306 872 521 941 reeopnoscant,
538 868 614 940 quod
624 867 650 922 si
660 864 855 937 neclexerint,
870 878 919 919 nos
929 876 973 920 er·
1026 864 1060 922 iet
1073 866 1170 937 ipsum
1180 884 1272 927 eorem
1284 869 1409 940 capitato
1419 877 1446 927 et
1454 869 1579 927 scabinis
1592 877 1617 927 et
1625 869 1752 939 parides
1764 871 1855 927 eccu-

146 959 239 1017 ctesia
252 957 471 1024 nondserimus,
480 955 532 1014 sed
545 957 732 1026 causamejns
738 968 792 1025 pro
804 952 896 1024 officii
904 967 970 1008 nos·
1025 954 1078 1012 sia
1090 956 1227 1027 tepittime
1236 962 1264 1014 et
1279 957 1457 1014 hereditarie
1466 960 1534 1028 jure
1544 958 1601 1031 ipsi
1607 957 1717 1015 itenere
1728 964 1756 1015 et
1765 958 1857 1014 uaori

147 1048 190 1105 tri
202 1046 297 1104 debito
308 1046 440 1117 fideliter
456 1044 721 1102 manutenebimus.
1025 1045 1304 1116 ejnsEnpettrndiet
1313 1044 1469 1104 hereditas
1481 1046 1760 1116 ipsornmrenouato
1773 1053 1851 1103 sunt.

180 1137 320 1210 Sequitur
344 1138 453 1210 quarta
475 1133 506 1192 ln
529 1149 589 1207 qua
610 1131 826 1189 determinatur
848 1128 970 1201 dejure
1023 1132 1793 1208 Annodominireinearnationis1139.ind.2.eporta
1809 1138 1850 1192 18.

145 1216 968 1299 malagrata,quantunexipsaadgrutarianper-lineat,
1023 1221 1208 1293 Romoepapo
1225 1222 1403 1290 Innocentio,
1419 1239 1482 1296 repe
1504 1224 1645 1290 Conrado,
1665 1223 1749 1282 dietis
1768 1220 1855 1295 presi·

146 1318 176 1373 et
188 1314 255 1372 det
276 1312 392 1371 cambis
414 1313 477 1369 sive
496 1309 630 1369 braxinis
655 1305 894 1372 dominicalibus,
909 1320 969 1380 que
1023 1308 1111 1368 dente
1123 1310 1274 1383 Stephano,
1292 1312 1391 1370 teredii
1405 1312 1552 1371 Albercne
1567 1311 1702 1379 serendo,
1718 1312 1855 1384 pretatio-

145 1402 238 1460 libare
254 1405 324 1460 eunt
337 1406 366 1460 at
386 1415 448 1458 noa
462 1400 581 1458 solvunt
600 1413 724 1456 censum
739 1395 921 1464 cambarum,
937 1393 969 1451 id
1024 1402 1270 1458 nnaoeeroeaano
1286 1405 1311 1458 l.

145 1497 190 1548 est
197 1490 368 1564 peccarium
384 1489 517 1558 cervisie,
532 1487 612 1545 unde
636 1487 727 1544 etiam
748 1484 783 1540 ht
806 1483 922 1541 mensio
937 1482 969 1540 in
1056 1486 1256 1546 hebetantem
1269 1489 1419 1560 grutarius
1439 1488 1570 1546 eeclesia
1588 1490 1619 1546 in
1635 1494 1741 1548 annot
1755 1488 1850 1548 libras

144 1578 236 1637 tercia
248 1583 333 1652 parte
340 1576 453 1652 pretate
460 1574 679 1650 compilationis
689 1572 767 1630 libro
776 1570 933 1644 taapitulo
940 1575 967 1644 3,
1022 1574 1177 1650 piperis,in
1189 1574 1286 1634 natale
1297 1575 1457 1643 Domini‚in
1465 1577 1591 1651 paseha,
1604 1576 1635 1635 in
1648 1582 1851 1652 pentecosten,

145 1667 231 1741 eujus
240 1671 326 1726 tenor
345 1666 412 1725 talis
424 1669 487 1724 ast:
504 1664 595 1737 (1139)
611 1665 649 1722 In
662 1662 780 1720 nomine
803 1665 917 1719 sanctu
940 1665 969 1718 et
984 1688 1007 1748 B
1022 1664 1054 1721 in
1075 1663 1150 1722 testo
1163 1666 1257 1723 saneti
1269 1666 1394 1736 Remigii
1407 1671 1436 1723 et
1447 1667 1539 1724 sancti
1559 1666 1726 1735 trudonis3
1740 1666 1771 1723 in
1783 1665 1851 1738 {hiis

144 1755 302 1815 indiuidua
312 1756 619 1827 amnicumnceamec
628 1751 969 1825 tampresentitmsquam
1022 1752 1157 1826 quinqua
1171 1751 1427 1827 solempnitatibus
1437 1770 1507 1811 oum
1522 1753 1609 1812 soluit
1622 1753 1853 1829 piper,aecipita

141 1847 266 1919 suturis,
284 1846 414 1919 qualiter
431 1861 482 1918 epo
502 1842 673 1908 Fotcardas,
688 1842 788 1915 pratia
808 1841 862 1896 Dei
881 1840 969 1898 abbas
1023 1841 1853 1916 cenerarioduospanesseniorumduornmpuerorumet

145 1935 249 1993 Sancti
259 1934 412 1999 Tritonis,
426 1933 655 2007 prodirimenda
670 1932 758 1988 titeet
775 1929 968 2000 contentione,
1022 1930 1099 1987 duas
1114 1928 1267 2004 portiones
1294 1931 1395 2004 pisois,
1421 1930 1526 2004 quales
1547 1930 1661 1989 habent
1684 1931 1800 1999 iratres,
1820 1935 1851 1990 et

143 2018 968 2097 qnoetemporeanteeessorismeidcmnitiodntfiabbatis,
1022 2016 1850 2078 sextariumvinidlatetiaminannIrersarioTheoderioi

144 2126 257 2185 persepe
268 2112 396 2184 praviter
405 2117 482 2167 mota
492 2109 555 2180 snit
565 2110 693 2181 deputa
708 2108 799 2178 bujm
812 2108 905 2177 vitta,
918 2107 970 2164 Its·
1022 2107 1158 2166 italensis
1171 2106 1311 2180 episcopi,
1327 2108 1437 2166 scilicet
1447 2111 1474 2164 2.
1490 2107 1553 2166 Kal.
1570 2108 1650 2177 Maii,
1660 2107 1712 2183 qui
1727 2114 1850 2179 grutem

143 2216 211 2257 nero
225 2200 352 2256 stnaori
360 2200 424 2269 ejus
439 2196 615 2269 Enpehrudi
636 2202 664 2254 et
676 2194 829 2253 heredibus
844 2195 968 2267 ipsoram
1021 2195 1122 2268 ipsam
1134 2193 1276 2252 iratribus
1292 2194 1382 2263 dedit,
1399 2201 1414 2252 b
1430 2196 1550 2263 solidos,
1564 2201 1592 2255 et
1607 2199 1679 2255 item
1708 2196 1778 2254 idus
1792 2198 1850 2255 No·

142 2303 200 2357 pro
214 2288 329 2344 ueritate
343 2291 371 2343 et
380 2284 506 2356 justicia
521 2299 631 2355 sorum,
647 2299 714 2356 quse
729 2282 862 2340 omnibus
883 2282 969 2341 bodie
1021 2282 1153 2341 vembris
1163 2283 1195 2341 in
1205 2283 1411 2343 eumversario
1422 2284 1612 2343 Adelberonis
1626 2286 1764 2344 Maiensis
1787 2285 1850 2360 epi-

143 2384 217 2435 noto
227 2381 277 2444 est,
295 2375 422 2433 menum
436 2379 463 2431 et
472 2372 721 2445 imperiosiorem
734 2371 921 2444 inpressione
932 2372 969 2428 si-
1022 2371 1118 2446 scopi,
1127 2372 1179 2447 qui
1190 2379 1309 2445 grutam
1325 2374 1423 2447 ipsam
1435 2373 1576 2432 iratribus
1589 2373 1784 2442 confirmavit,
1802 2391 1850 2432 so·

142 2464 210 2537 pitti
220 2465 278 2523 mei
288 2464 326 2521 de
339 2464 440 2523 eadem
450 2462 637 2536 prntafocio,
652 2476 739 2533 qnam
750 2462 875 2533 primam
890 2460 968 2519 idem
1019 2460 1097 2518 lidos
1114 2466 1139 2530 b,
1156 2465 1186 2519 et
1197 2460 1254 2518 hiis
1264 2461 1370 2519 diebus
1380 2461 1472 2520 habet
1494 2461 1679 2536 prebendam
1693 2464 1769 2520 siout
1781 2462 1848 2536 qui·

141 2553 468 2623 Renernsetnaorejns
477 2550 721 2624 linaettrndisab
735 2550 795 2607 biis
807 2550 861 2622 qni
875 2551 968 2620 ipsam
1019 2548 1237 2609 libatiratrum.
1254 2549 1488 2607 Dominiealibus
1514 2550 1630 2607 cambis
1654 2549 1704 2608 dat
1728 2555 1847 2622 grutam

140 2651 259 2717 prusam
269 2641 457 2701 nereditatem
478 2655 561 2697 suam
575 2654 635 2698 esse
651 2639 852 2712 perhibebant,
864 2639 968 2696 scilicet
1020 2638 1122 2711 gratia,
1138 2643 1166 2697 et
1179 2633 1215 2695 de
1229 2638 1343 2696 cambis
1355 2636 1424 2695 ville
1437 2638 1489 2713 huj
1495 2655 1529 2695 us
1541 2654 1665 2696 censum
1674 2645 1758 2711 grute
1771 2640 1848 2697 duas

140 2734 255 2791 Renero
265 2737 290 2788 st
298 2731 424 2789 lieberto
437 2734 463 2788 et
478 2729 607 2800 Hancne
620 2731 648 2787 et
662 2728 733 2800 titiis
747 2743 848 2785 eornm
863 2728 897 2784 in
902 2742 967 2799 prr
1020 2730 1121 2800 partes
1131 2724 1222 2784 habet
1232 2726 1366 2793 eeclesia,
1383 2728 1507 2784 terciam
1523 2727 1681 2799 grutarius.
1696 2726 1770 2784 Huic
1779 2742 1848 2785 eon-

139 2822 234 2880 sentio
243 2821 349 2879 dorm
371 2818 519 2890 Rodntpbi
536 2817 654 2876 obbatis
682 2818 715 2874 in
738 2817 823 2874 vadio
844 2832 901 2886 pro
918 2819 967 2874 too
1019 2814 1183 2872 firmationi
1206 2814 1402 2872 interfuerunt
1433 2814 1550 2884 iratres,
1572 2814 1654 2889 prior
1675 2815 1846 2889 Egebertus,

139 2912 251 2970 marcis
259 2904 967 2983 ameperat,quibusetpostsadesuotamumad-
1021 2902 1197 2973 Balduinus,
1212 2901 1365 2975 tierricus,
1389 2902 1709 2972 Fulhertus,1ilioldus,
1738 2905 1847 2963 Conra-

139 3000 217 3059 didit
232 3000 311 3073 qnod
324 2998 417 3072 ipram
431 3001 554 3071 pratum
567 3000 595 3053 et
623 3009 705 3054 omne
719 2997 772 3067 jus
786 2993 966 3066 hereditatis,
1020 2990 1088 3051 due.

591 3208 638 3270 DE
657 3207 746 3268 June
766 3206 944 3268 metebel
964 3205 1111 3268 caristia
1131 3206 1233 3269 Meta
1253 3204 1389 3271 Gaura.

173 3393 335 3452 Sciendum
348 3392 430 3467 quod
450 3405 560 3449 censue
575 3389 654 3449 male
667 3397 762 3461 gruta,
779 3402 870 3463 quem
892 3402 962 3445 oum
978 3391 1001 3451 G
1016 3389 1107 3447 Grave
1121 3387 1245 3462 etpnarl
1261 3386 1413 3446 dePalude
1424 3386 1640 3448 habentunam
1651 3391 1847 3463 putemur.

136 3482 278 3541 cambato
290 3482 340 3558 pie
353 3480 497 3538 memorie
522 3478 633 3536 domus
644 3476 842 3536 Theodericus
869 3475 960 3548 huius
1015 3476 1846 3552 clamantempartemobtinenthercdeedomnihlber-

135 3572 265 3630 nominis
285 3568 437 3628 secundus
461 3566 657 3626 Martensium
680 3566 841 3641 episeopus
860 3569 961 3623 nostra
1015 3566 1067 3624 tini
1078 3567 1209 3625 condam
1221 3565 1322 3624 militis
1336 3570 1365 3623 et
1377 3567 1441 3639 ejus
1455 3565 1605 3625 fratruelis
1613 3565 1675 3624 bde
1688 3566 1725 3626 de
1733 3567 1845 3627 Sancta

136 3661 258 3721 ecclesie
268 3658 480 3735 perpetuojnre
493 3656 534 3715 ad
544 3656 721 3730 suamprius
736 3655 892 3713 ecclesiam
898 3668 961 3728 por·
1014 3654 1300 3723 Katharina,soabini
1314 3654 1404 3727 hujus
1417 3653 1657 3727 opiditiedditus
1674 3672 1744 3715 sero
1752 3655 1843 3731 hujus

134 3754 246 3812 tinente
254 3748 426 3809 solemniter
435 3745 607 3812 contulerat,
617 3748 821 3819 sequestratus
830 3744 886 3802 tuit
893 3746 961 3802 ante
1015 3747 1098 3813 grute
1109 3744 1160 3817 qui
1174 3743 1244 3801 certi
1255 3746 1326 3801 sunt
1341 3743 1500 3816 capiuntur
1512 3742 1552 3801 ad
1572 3747 1601 3801 et
1615 3759 1709 3817 sopra
1721 3745 1841 3814 domos,

135 3830 960 3917 pluresannosaoaneueambati,quivulgaritorappel·
1015 3830 1842 3908 soilioathraxenam,quesitaestinangnloexoppoeito

136 3930 214 3989 latur
224 3926 378 4004 panthgiis
392 3929 422 3983 et
435 3924 475 3982 ad
495 3921 707 3981 hereditariam
734 3920 959 3993 possessionem
1013 3919 1082 3978 aule
1092 3920 1207 3978 domini
1220 3919 1317 3978 nostri
1329 3918 1459 3988 abbatis,
1474 3935 1534 3994 que
1548 3920 1716 3994 appellatur
1730 3921 1841 3979 domus

135 4017 328 4094 quorundam
335 4014 538 4090 opidanorum
545 4009 863 4069 devolutus.Verumet
870 4025 959 4083 quem
1013 4014 1108 4081 gruta
1124 4013 1153 4067 et
1165 4009 1205 4067 ad
1218 4009 1347 4082 reliquas
1372 4008 1532 4081 contiguas
1551 4010 1724 4069 mansiones
1744 4026 1840 4084 usqne

135 4107 261 4167 modum
276 4109 329 4163 ant
341 4102 422 4178 quali
433 4101 561 4160 aliarum
572 4099 774 4158 hereditatum
792 4103 958 4156 eommuta-
1013 4096 1053 4155 ad
1065 4112 1176 4155 conum
1197 4112 1288 4171 super
1311 4097 1422 4162 rivum,
1438 4101 1468 4156 et
1492 4102 1707 4173 consequenter
1729 4113 1840 4157 acono

135 4197 217 4256 tione
230 4197 388 4254 immutata
401 4191 489 4249 luerit
502 4188 615 4264 pretate
629 4195 708 4246 carte
723 4188 758 4244 da
773 4186 854 4245 mala
872 4192 960 4258 penta
1012 4183 1080 4259 ipso
1093 4184 1838 4259 adreliquasmansionssoitrarimmsoumarias,

135 4286 265 4352 traditio,
280 4283 322 4342 ita
338 4280 419 4357 quod
432 4277 607 4353 hujusmodi
618 4275 743 4336 heredes
756 4281 856 4333 nostra
868 4274 959 4333 eccle
1012 4272 1155 4347 usquead
1164 4272 1408 4345 vicumpervium
1417 4273 1530 4331 ibidem
1537 4275 1683 4348 positum;
1692 4290 1840 4349 quemeu-

136 4375 177 4433 sie
190 4373 342 4451 proposito
355 4366 568 4429 tantummodo
583 4367 700 4425 solvant
714 4366 748 4421 lb
773 4363 886 4422 solidos
905 4365 959 4423 Lo
1012 4360 1237 4419 sioneanullum
1246 4361 1342 4419 alium
1364 4377 1489 4421 censum
1504 4362 1589 4421 tundi
1603 4364 1721 4423 solvunt
1734 4367 1837 4423 nostro

134 4463 303 4530 vanienses,
321 4460 353 4516 in
367 4457 494 4516 archivis
508 4460 659 4512 cartarum
671 4451 767 4510 nostri
784 4452 958 4510 monasterti
1011 4450 1840 4527 proposiiopreterquamcensumanpradiotumdnsnper

134 4551 319 4609 declaratum
330 4562 390 4604 non
401 4544 554 4618 reperitur.
1010 4537 1124 4596 hahent
1134 4537 1242 4612 protasi
1255 4538 1379 4597 heredes
1391 4539 1500 4612 dejure
1513 4539 1701 4614 ipsluemuts
1716 4539 1752 4598 de
1762 4556 1840 4615 qua.

169 4640 306 4696 Preterea
320 4633 476 4692 solendum
485 4627 957 4706 qnodherediiasdejureprelate
1010 4626 1083 4686 libet
1097 4628 1229 4701 cervisia,
1246 4643 1305 4702 que
1313 4628 1457 4687 braxatur
1469 4629 1548 4688 intra
1561 4629 1730 4688 districtam
1742 4630 1839 4704 opidi,

134 4727 213 4788 male
227 4731 377 4800 grute,per
390 4715 956 4791 successumtemporisadquoedamde
974 4715 1165 4812 „moenum
1174 4716 1372 4776 leodiensem
1393 4733 1463 4776 oum
1487 4717 1624 4786 dimidio,
1654 4719 1706 4794 qni
1725 4718 1840 4782 iaciunt

133 4812 327 4889 magnatibus
339 4804 676 4884 opididevoluta,intres
685 4808 786 4878 partes
795 4802 956 4863 divisaest.
1010 4810 1150 4879 quartam
1171 4811 1288 4879 partem
1315 4806 1402 4863 unius
1428 4807 1526 4879 grossi
1552 4808 1670 4875 veteris,
1692 4808 1838 4883 quociens

134 4907 223 4980 Cujus
234 4916 376 4975 unapars
388 4898 428 4957 ab
442 4896 514 4956 otim
525 4893 666 4953 desolata
677 4893 718 4951 ed
731 4892 878 4951 domnam
889 4896 956 4953 Ger·
1009 4891 1148 4961 branam,
1162 4893 1293 4966 exceptis
1312 4898 1328 4951 a
1342 4893 1459 4952 cambis
1473 4894 1505 4952 id
1532 4901 1576 4953 est
1598 4895 1751 4964 braxenis,
1776 4911 1838 4970 qus

131 4994 248 5053 trudam
257 4992 370 5049 dietam
384 4983 571 5045 pondernuel
579 4981 817 5054 militissam,per
825 4983 955 5042 eandem
1008 4979 1836 5044 dicunturdominioalesetliberesuntabhaosolntione

132 5081 241 5142 collata
254 5083 299 5139 est
312 5079 392 5137 cirea
402 5088 518 5133 annum
530 5072 648 5131 homini
664 5070 732 5128 1352
744 5069 782 5128 ad
799 5070 955 5129 instituen-
1008 5069 1046 5127 de
1057 5085 1120 5128 una
1130 5069 1255 5129 osanna
1265 5085 1273 5138 3
1285 5070 1310 5128 si
1323 5085 1396 5128 vero
1414 5070 1526 5145 pluries
1536 5072 1668 5132 bruant
1676 5073 1707 5131 in
1716 5073 1836 5132 hebdo-

131 5171 206 5231 dum
219 5169 282 5227 duo
304 5164 457 5232 beneficia,
472 5175 603 5237 quorum
624 5174 720 5217 unum
742 5158 834 5216 situm
852 5164 899 5217 eet
921 5160 953 5218 in
1007 5159 1100 5217 meda
1113 5172 1184 5225 una,
1199 5161 1270 5215 tuno
1288 5157 1327 5215 de
1337 5158 1453 5234 reliqna
1464 5160 1585 5219 solvunt
1599 5165 1632 5219 ut
1646 5161 1713 5220 alie.
1729 5161 1836 5235 holus·

129 5263 230 5319 nostro
240 5253 423 5315 monasterio
433 5252 473 5311 ad
482 5251 575 5309 altare
595 5248 683 5308 beate
705 5247 799 5306 Maris
812 5251 842 5307 et
850 5253 952 5308 sancte
1006 5247 1089 5305 modi
1103 5261 1174 5304 vero
1184 5244 1316 5305 braxene
1330 5251 1402 5305 aunt
1414 5250 1482 5317 tres,
1499 5264 1629 5324 quarum
1644 5265 1707 5308 una
1721 5251 1779 5308 sita
1789 5255 1835 5311 est

128 5350 225 5413 Anna,
236 5350 266 5404 et
276 5344 358 5404 aliud
371 5343 408 5401 ad
423 5341 514 5400 altare
526 5333 662 5397 omnium
673 5342 845 5396 sanctorum
859 5337 892 5395 in
905 5352 951 5396 ee·
1005 5334 1036 5392 in
1055 5335 1154 5408 platea
1163 5333 1346 5392 plancstrate
1359 5352 1396 5393 ex
1410 5339 1550 5412 opposito
1576 5338 1724 5414 cymiterii
1736 5339 1834 5398 nostri

128 5435 219 5496 alesia
231 5434 327 5495 sancti
339 5430 478 5507 sepulcri.
493 5428 615 5502 hebone
634 5442 705 5485 varo
724 5426 784 5484 due
796 5431 896 5501 partes
907 5424 950 5485 sie
1004 5421 1128 5495 maj0ris
1141 5421 1212 5480 dicti
1225 5420 1366 5494 vriethof,
1382 5428 1514 5486 mounda
1524 5428 1581 5486 sita
1594 5433 1641 5487 est
1653 5428 1730 5487 inter
1742 5427 1835 5487 ecele-

128 5525 220 5585 dirise
230 5528 311 5598 sant,
325 5520 409 5599 quod
421 5518 548 5582 bmedes
560 5515 712 5578 Eustachii
727 5515 859 5575 condam
877 5514 950 5574 dicit
1004 5509 1083 5571 siam
1108 5509 1195 5570 beate
1217 5508 1305 5568 liaris
1329 5514 1562 5576 remansionem
1580 5515 1834 5577 mannaim
