3884 6050
175 177 249 247 titt
829 163 1037 244 tenuatim
1056 171 1218 236 maionis
1817 166 1909 228 issi

173 315 207 373 ln
220 325 282 387 qua
296 307 425 384 jacebat,
432 310 650 370 admirantibus
664 310 920 370 circumstantibus
932 307 998 366 iilu-
1012 302 1038 365 l
1362 305 1477 365 CAPUT
1493 302 1563 363 XXV

173 400 282 467 marii,
293 403 322 456 et
336 398 522 471 illuminavit,
536 403 564 457 et
578 400 620 457 sio
638 399 686 458 illo
706 401 881 473 predixerat
903 398 999 456 iratri-
1052 395 1453 476 Jordanasstotampapalem
1463 394 1604 477 acipiens
1614 391 1731 475 abacos
1746 388 1909 445 meroni

172 487 244 546 bus:
262 489 294 545 ln
304 489 381 545 hora
398 487 458 554 illa,
474 488 598 560 quando
606 504 714 561 corpus
724 489 790 561 eins
797 488 945 545 terebatur
959 486 998 545 ad
1107 467 1279 524 'immicum
1290 467 1325 524 ab
1340 468 1459 525 ‘metiti
1478 464 1674 522 Smiipauli
1692 468 1847 519 mmm·

175 575 425 651 sepulcrumsolis
450 576 593 649 splendor
611 593 712 634 aerem
754 577 941 643 illuminavit,
970 580 1000 632 et
1079 572 1178 644 ‚Igitur
1190 572 1362 647 presbytero
1375 570 1627 645 Liprendoposito
1639 567 1824 625 inPontidii
1837 582 1907 622 mo·

174 666 272 723 nubes
282 681 351 723 cum
361 665 428 721 nive
437 665 575 721 cessavit.
588 665 655 738 lpso
674 680 797 739 quoque
823 664 999 739 presbytero
1053 655 1905 728 nasteriofamadeGrossulanoredeuutesHierosolymis

175 752 436 818 existenteiuvita‚
453 752 678 809 cumlordanus
696 753 889 826 (tletoaeteri
913 755 999 809 Gros·
1054 767 1143 809 aures
1153 752 1284 817 tordani,
1296 756 1325 808 et
1336 750 1555 807 ordinariorum
1578 748 1643 820 ejus
1669 744 1834 818 implevit.
1871 746 1904 799 ia

176 842 328 899 sulauistoe
343 840 606 898 calumniabantur
617 858 685 897 eum
697 848 817 899 etsuam
829 842 1000 914 legem,no-
1053 837 1424 898 liemardus‘lanrinensis
1465 836 1610 910 episcopis
1635 836 1745 892 iterum
1780 833 1903 888 Medio

175 931 244 990 bilis
264 930 350 986 miles
363 929 550 986 Placentinus
563 929 597 986 de
609 928 748 987 lancibus
764 929 917 988 mortisad
939 928 1001 986 lau·
1054 928 1158 986 lanum
1174 929 1255 984 venit
1276 935 1365 1000 atque
1393 925 1507 990 stolam,
1536 939 1630 997 quem
1645 922 1676 980 in
1700 920 1901 995 precedenti

176 1020 247 1077 dem
262 1021 327 1090 ejus
341 1022 515 1096 ereptusest
542 1018 614 1092 quia
643 1034 712 1075 cum
744 1018 830 1075 miles
852 1017 1000 1081 illoesset,
1055 1017 1190 1087 anno(t)
1204 1017 1468 1073 sinesacrumento
1488 1013 1611 1071 iordini
1628 1012 1702 1068 dare
1726 1009 1903 1067 noluitne·

176 1107 301 1181 quasiin
316 1121 425 1163 sumno
440 1106 532 1162 sensit
543 1106 623 1163 hunc
645 1106 854 1180 presbyterum
877 1106 1002 1179 palpare
1055 1122 1115 1178 quo
1129 1105 1220 1171 dedit,
1237 1120 1318 1161 nuno
1331 1103 1468 1160 videlicet
1481 1103 1512 1160 in
1537 1101 1611 1160 iesto
1638 1098 1736 1156 Sancti
1760 1097 1899 1160 Nicotat

176 1200 385 1270 guttursuum,
400 1200 428 1251 et
443 1193 543 1251 statim
571 1195 706 1251 euomuit
730 1210 764 1251 os
793 1194 894 1266 piscis,
919 1192 1002 1266 quod
1056 1194 1180 1267 quando
1198 1193 1355 1266 presbyter
1384 1192 1534 1264 liprando
1563 1189 1731 1247 Pontidium
1757 1185 1899 1251 muniit

175 1282 341 1341 suffocabat
352 1299 421 1338 eum
433 1282 486 1354 (5).
510 1282 621 1339 Eodem
648 1282 736 1339 etiem
764 1285 908 1354 tempore,
933 1297 1003 1337 oum
1058 1281 1252 1354 superaltare
1268 1279 1524 1337 sanctiambrosii
1545 1278 1653 1351 posuit,
1684 1282 1714 1334 et
1731 1275 1897 1332 iordanes

173 1372 286 1429 vdomus
297 1370 453 1442 cujusdam
471 1369 518 1426 sni
544 1369 652 1436 affinis,
685 1375 713 1427 et
745 1370 802 1427 sibi
829 1369 1004 1428 attrahentis
1057 1366 1769 1442 osculatuseamdeipsoaltariassnmpsit:quie
1781 1363 1897 1436 positio

178 1458 424 1530 arderetrepente
441 1457 538 1514 imber
549 1457 613 1525 luit,
627 1465 655 1514 et
667 1458 792 1530 paleam,
822 1463 852 1516 et
877 1459 1004 1516 domum
1059 1462 1088 1514 et
1110 1458 1278 1529 assumptio
1292 1455 1467 1512 absentibus
1486 1453 1643 1513 ordinariis
1661 1459 1691 1511 et
1710 1450 1897 1525 primiceriis

177 1545 271 1619 ipsius
281 1544 446 1618 presbytori
459 1545 716 1617 integreservavit.
727 1546 813 1612 Quod
824 1546 847 1602 si
857 1561 1004 1603 currerem
1059 1544 1138 1602 tacta
1152 1544 1207 1602 tuit
1220 1545 1260 1617 (2)
1277 1540 1895 1620 Deindesecuriusidemarebiopisoopns‚

178 1650 233 1710 per
243 1633 370 1704 singula,
383 1648 452 1706 quie
463 1635 541 1690 Deus
555 1633 671 1691 iecited
684 1633 807 1692 landem
828 1635 902 1708 ejus,
933 1633 1005 1691 defi·
1024 1632 1244 1716 pquosvoluit
1259 1633 1401 1701 1ωεὶ),ωο
1420 1632 1533 1704 quippe
1559 1646 1595 1688 eo
1620 1635 1756 1701 tempore
1781 1628 1894 1697 injusti

180 1727 259 1781 oeret
270 1720 395 1795 quidem
407 1722 528 1795 spiritns
541 1737 646 1791 niens;
672 1722 726 1779 sed
752 1725 840 1788 Deus,
870 1723 923 1796 qui
950 1738 1007 1795 psi·
1061 1721 1200 1780 turbavit.
1212 1720 1375 1787 Quodcum
1390 1719 1546 1792 presbyter
1558 1717 1688 1774 Andreas
1699 1715 1895 1789 primicerius

180 1806 281 1866 omnia
293 1805 400 1862 saeida
424 1805 544 1870 visitet
572 1810 678 1877 regnat
706 1821 798 1878 nunc,
830 1813 858 1863 et
877 1822 1005 1876 semper,
1060 1810 1259 1877 intellexisset,
1274 1808 1505 1865 solemnitorme
1521 1808 1650 1879 suscepit
1664 1807 1694 1862 in
1731 1803 1895 1860 communi

181 1894 291 1954 anime
306 1892 371 1963 ojus
380 1891 537 1949 benedicat
551 1892 590 1965 (6)
608 1898 711 1950 lmen.
733 1896 768 1950 Et
782 1893 854 1949 mibi
881 1894 1007 1966 gratiam
1060 1897 1206 1955 beneflcio
1219 1896 1260 1969 (3)
1273 1896 1514 1970 presbyterorum
1525 1900 1554 1950 et
1564 1893 1736 1951 elericorum
1754 1890 1896 1947 llediola·

181 1987 259 2042 recte
269 1980 418 2039 scribendi
432 1980 552 2048 tribuat,
566 1981 638 2054 quia
651 1983 764 2039 sincere
782 1983 882 2040 adhuc
918 1984 1008 2056 cupio
1061 1986 1212 2044 neusium.
1226 1985 1578 2057 Jordanusqnoquecum
1586 1977 1896 2037 widoniualcimario

183 2071 313 2129 scribere
327 2085 373 2126 ea.
387 2085 456 2143 quae
469 2069 500 2127 in
513 2069 642 2127 Ecclesia
653 2075 681 2127 et
692 2070 723 2126 in
735 2086 826 2141 regno
851 2088 903 2144 per
934 2087 1008 2145 pou·
1063 2073 1209 2132 conditori
1220 2073 1255 2142 (¹)
1268 2088 1336 2128 meo
1345 2086 1400 2143 pro
1420 2086 1468 2127 me
1480 2070 1562 2126 dedit
1574 2068 1746 2141 pecuniam,
1771 2083 1832 2123 nec
1860 2072 1897 2122 ta

183 2160 278 2218 tiilces
292 2157 462 2216 etabbates,
475 2158 653 2225 sacerdotes,
681 2164 711 2215 et
731 2158 844 2227 tevins,
865 2176 919 2234 per
942 2176 1010 2217 con·
1063 2177 1134 2219 mcii
1147 2159 1285 2217 indulsiei
1301 2160 1352 2231 (l),
1367 2175 1461 2232 quam
1475 2158 1506 2215 in
1518 2173 1565 2214 me
1575 2157 1642 2214 tecit
1653 2155 1820 2213 offensam.
1842 2153 1896 2211 Sed

184 2248 302 2305 suleset
316 2246 407 2315 cives,
423 2249 453 2303 et
462 2247 537 2303 alios
549 2246 695 2314 Ecclesia,
711 2252 740 2303 et
749 2248 833 2318 regui
858 2249 1011 2307 ministros
1065 2266 1153 2322 aquo
1167 2249 1269 2307 animo
1280 2247 1406 2304 sustinui
1419 2246 1512 2314 illem,
1522 2246 1594 2318 quia
1606 2260 1776 2301 comenses
1792 2249 1824 2298 et
1838 2243 1898 2297 lan

185 2335 333 2392 seminata
343 2339 372 2390 et
381 2338 504 2405 operata
523 2339 603 2400 sunt,
614 2349 675 2390 non
689 2339 804 2392 tantum
815 2337 854 2393 ad
868 2353 1013 2407 augmen·
1066 2354 1126 2395 oea
1141 2335 1335 2401 acuebantur,
1346 2337 1380 2391 ut
1393 2334 1569 2391 adveniente
1584 2332 1769 2390 Grossulano
1785 2332 1854 2403 ipse
1863 2328 1896 2385 eb

186 2421 316 2490 tum,sod
329 2421 419 2478 edam
431 2420 846 2496 addetrimentumreligiouis
859 2425 1012 2483 etdiiecta
1066 2423 1313 2497 archiepiscopali
1327 2423 1396 2480 sede
1407 2422 1592 2496 ejicerentur,
1604 2422 1744 2479 nimirum
1759 2423 1801 2484 (5)
1814 2420 1838 2475 si
1853 2432 1895 2474 me

187 2509 422 2568 consuetudinis·
1067 2512 1211 2570 humilem
1226 2512 1401 2584 acolythum
1416 2510 1556 2583 neglexit,
1572 2517 1601 2566 et
1615 2508 1828 2582 presbyterum
1838 2507 1895 2562 art-

224 2633 264 2706 (l)
277 2631 444 2689 Purioellius
457 2631 512 2689 hoo
525 2632 587 2690 loco
600 2634 652 2706 ait,
668 2633 759 2691 rideri
782 2636 936 2709 legendum
954 2656 1015 2695 cam
1068 2636 1156 2694 tionis
1169 2652 1256 2692 seram
1272 2636 1308 2691 ab
1328 2639 1444 2691 anctore
1469 2637 1569 2690 nostro
1593 2632 1754 2689 adhibitam
1783 2628 1894 2686 esseio

191 2704 376 2762 Grossabiias
401 2707 553 2760 :attamen
576 2721 626 2760 cur
653 2706 801 2762 emendari
825 2709 928 2764 debeat
954 2710 1016 2766 haec
1069 2706 1254 2764 describenda
1267 2705 1321 2761 hac
1348 2705 1478 2765 historia.
1502 2721 1568 2760 cum
1597 2703 1691 2776 potius
1716 2701 1893 2758 conandum

191 2775 288 2845 lectio,
300 2791 417 2846 prorsus
445 2775 606 2830 nouvideo.
640 2775 711 2832 Cum
740 2777 817 2834 enim
832 2779 1016 2850 superiusdi·
1069 2780 1220 2835 evincatur
1229 2793 1291 2849 cap.
1307 2777 1352 2842 ii,
1365 2776 1411 2832 ubi
1426 2775 1590 2832 Grossnlani
1603 2774 1683 2829 litam
1712 2789 1783 2830 cnm
1806 2773 1895 2826 insen

192 2851 271 2904 ctum
299 2845 345 2908 sit,
375 2846 533 2900 lordonum
564 2846 737 2902 Grossulano
762 2848 910 2919 placuisse,
925 2855 954 2907 et
980 2853 1015 2907 ab
1069 2850 1147 2905 tione
1158 2848 1344 2919 reliquiarum
1354 2847 1383 2903 in
1398 2847 1522 2903 Ecclesia
1540 2846 1570 2901 S.
1598 2845 1694 2902 Mariae
1723 2846 1761 2899 ad
1786 2848 1893 2913 portam

192 2917 295 2974 eodem
310 2916 338 2971 iii
354 2916 560 2972 subdiaconum
577 2916 664 2972 tuisse
678 2915 855 2986 ordinatum,
870 2937 928 2976 non
940 2922 1017 2978 inre·
1070 2922 1154 2976 advii
1171 2921 1234 2975 ldus
1245 2919 1311 2974 Maii
1327 2919 1379 2973 sab
1391 2918 1492 2974 eodeni
1519 2933 1595 2972 enno
1613 2915 1680 2971 iios
1704 2914 1800 3042 ifm
1833 2917 1894 2967 lba-

193 2986 321 3045 rosilimc
334 2990 378 3043 est
392 2985 420 3041 iii
436 2985 512 3043 illius
524 2986 729 3060 archiepiscopi
740 2990 867 3060 partibus
880 2992 949 3048 olim
963 2996 1054 3072 ste-c
1071 2996 1148 3048 terea
1161 2989 1249 3046 etiam
1264 2990 1318 3045 boc
1333 2990 1431 3054 misso,
1447 2989 1507 3061 ipsa
1523 2985 1683 3060 landulphi
1731 2985 1839 3042 istoria
1854 2987 1894 3039 Pu

193 3060 281 3124 iisse,
297 3058 356 3113 imo
370 3057 400 3113 id
413 3058 533 3115 innuere
560 3059 672 3115 videtur
689 3059 808 3131 ipsemet
829 3062 1018 3121 Grossulanus
1072 3061 1172 3119 ricellii
1187 3062 1262 3116 dicto
1274 3060 1447 3131 refragetur.
1460 3059 1643 3115 iraditenim
1669 3073 1719 3113 sex
1755 3057 1894 3112 menstrui

193 3131 313 3200 loquens
332 3129 409 3200 apud
440 3128 651 3200 landulphum,
675 3147 737 3202 cap.
764 3133 852 3196 seat
878 3137 1019 3204 quereias
1073 3132 1256 3189 intervallum
1271 3132 1523 3187 lluxissoadelato
1538 3146 1588 3201 per
1604 3129 1792 3185 liemardum
1819 3125 1894 3197 pallio

195 3205 295 3257 contra
312 3200 445 3255 eumdem
455 3200 613 3258 lordanum
626 3218 690 3256 cuni
707 3202 765 3258 suis
795 3202 955 3262 fautoribus
978 3206 1019 3261 iii-
1074 3204 1247 3275 adejusdem
1262 3202 1472 3272 susceptionem
1485 3202 1559 3257 dieti
1573 3199 1737 3257 Decembris
1747 3199 1894 3254 alordaiio

196 3271 326 3336 stituens,
342 3271 419 3342 quod
430 3270 563 3326 videlicet
580 3271 640 3343 ipse
654 3272 708 3327 iiii
717 3282 850 3345 perissa,
865 3280 890 3331 et
899 3277 1020 3349 dejuras·
1076 3275 1193 3330 iactam.
1206 3276 1417 3330 Certeauteina
1432 3272 1479 3327 dis
1491 3271 1525 3326 io
1546 3271 1639 3327 liertii
1653 3287 1711 3325 non
1722 3286 1774 3325 sei
1789 3274 1893 3323 mutan

196 3347 246 3398 ὅθί·
325 3409 331 3421 ,
1075 3338 1892 3415 modo‚sedierenoieinintercesserantmenses.Pagina.

234 3410 271 3478 (5)
296 3408 464 3489 lliraculum
492 3408 547 3464 boc
572 3412 671 3465 narrat
693 3410 781 3466 etiam
808 3412 909 3469 Petrus
931 3415 1023 3471 Maria
1076 3417 1124 3487 qui
1134 3416 1172 3470 ad
1186 3415 1345 3471 erudiit.
1364 3431 1444 3469 nuin-
1459 3416 1487 3478 8,
1501 3413 1688 3483 hoeooptime,
1707 3411 1849 3466 advertit.
1861 3409 1892 3462 ti·

201 3482 326 3550 Campus
339 3480 412 3533 llist.
431 3494 490 3558 suin
507 3478 632 3534 Placent.
652 3484 728 3549 part.
747 3482 803 3536 iad
817 3499 888 3539 ann.
911 3485 985 3539 itit.
1076 3485 1129 3542 cile
1143 3502 1173 3541 se
1187 3484 1309 3555 expedit,
1325 3485 1438 3556 culpam
1453 3484 1483 3539 iii
1497 3499 1701 3539 amanuensem
1729 3481 1891 3541 retundens,

200 3617 207 3630 .
233 3549 274 3619 (6)
287 3547 384 3630 litam
396 3547 479 3617 hujus
494 3548 639 3631 Lipiaudi¹
652 3550 704 3604 sub
732 3550 814 3607 titulo
850 3555 1024 3611 Venerabilis
1076 3558 1181 3629 cujuse
1196 3555 1308 3611 calamo
1325 3572 1373 3638 per
1381 3571 1506 3611 errorem
1518 3554 1655 3610 excidisse
1665 3553 1706 3608 ait
1719 3550 1893 3621 praecedenti

199 3623 320 3675 inseruit
342 3619 554 3701 Papebrochius
579 3621 655 3675 lctis
689 3621 738 3677 SS.
766 3623 796 3678 in
827 3625 955 3696 Append.
986 3629 1024 3683 ad
1078 3643 1155 3683 anno
1167 3643 1232 3681 cum
1251 3627 1335 3683 scribi
1346 3625 1489 3682 debuisset
1510 3625 1646 3695 prasenti
1659 3623 1892 3692 anno.Papebro

198 3690 275 3746 diem
289 3688 414 3772 illumi
431 3695 492 3760 post
509 3692 536 3746 S.
554 3689 759 3774 ,ileriembaldi
788 3693 892 3751 Vitam.
915 3696 1023 3753 lbidem
1077 3698 1158 3753 cliius
1172 3698 1273 3753 cadem
1284 3697 1330 3752 vin
1345 3698 1488 3759 incedens,
1505 3695 1534 3750 in
1548 3696 1611 3750 Vita
1623 3693 1762 3765 liprandi
1777 3710 1843 3774 sup.
1853 3692 1891 3746 a't.

198 3760 301 3817 assedi
314 3776 461 3817 neminem
473 3777 639 3817 meminisse
666 3762 753 3818 ullius
777 3764 869 3822 cuitus
883 3766 977 3823 cidem
993 3774 1024 3824 ut
1077 3768 1107 3824 iii
1120 3769 1210 3823 altero
1225 3784 1258 3823 ex
1272 3767 1316 3822 bis
1327 3767 1420 3822 serbis
1446 3766 1546 3822 vitium
1572 3782 1634 3821 esse
1659 3764 1806 3827 affirmat,
1819 3772 1857 3818 iti
1867 3765 1892 3816 ut

197 3833 283 3888 bento
296 3836 360 3902 post
373 3836 494 3887 mortem
513 3831 553 3887 im
575 3832 646 3888 ensi.
675 3836 810 3891 Attamen
841 3837 887 3892 ubi
916 3839 1023 3908 egilde
1077 3855 1134 3894 non
1149 3838 1414 3909 praecedentiam,
1422 3838 1470 3893 sed
1478 3837 1651 3903 precedenti
1663 3837 1755 3890 lunio
1763 3834 1818 3888 sitl
1868 3849 1893 3885 a·

199 3903 227 3984 S'.
258 3901 364 3957 Doride
397 3900 527 3984 solitario
550 3849 796 3987 ''ihessalonicensi
821 3909 857 3962 ad
882 3908 962 3991 diem.
987 3912 1022 3964 26
1076 3911 1155 3965 dum.
1173 3908 1530 3991 Porrouterqueapprime
1545 3924 1606 3989 reni
1632 3904 1891 3987 explicatsed'aso

197 3972 1022 4123 tittttitffttittttttitttttticittttlt
1076 3979 1893 4118 titttitttltt“ttttttttttttt‘tttt

197 4112 319 4194 ecclesia
331 4113 361 4167 S.
377 4112 454 4194 Petri
469 4112 498 4168 in
512 4112 590 4169 Goelo
607 4131 694 4196 aureo
716 4116 805 4184 Papia
820 4119 894 4175 inter
916 4124 1021 4177 caetera
1076 4120 1208 4191 componi
1222 4137 1304 4192 posse
1317 4136 1473 4182 censerem,
1493 4121 1658 4185 asserendo,
1686 4116 1893 4187 landulphum.

197 4199 282 4265 sacra¹
293 4183 403 4254 lipsana
413 4186 502 4265 etiam
516 4184 614 4240 ossaS.
627 4184 760 4255 liprandi
776 4204 824 4245 seu
841 4190 1019 4261 Luitprundi,
1075 4193 1123 4263 qui
1134 4192 1197 4263 jam
1213 4192 1431 4262 processerutad
1443 4190 1618 4246 narrandam
1631 4188 1767 4259 liprandi
1782 4192 1893 4241 mortem

216 4269 335 4336 ueeipse
364 4254 454 4309 credit
479 4253 732 4336 illuonetontidio
757 4260 906 4327 translata,
934 4262 1021 4343 hugus
1075 4260 1705 4333 etmiraculaipsanisubsecutaannotttss,
1729 4276 1799 4314 cum
1824 4273 1893 4312 reio

196 4270 500 4407 asprandiesscffiam
516 4341 636 4406 minime
652 4325 734 4409 tacite
761 4328 807 4391 sit.
822 4328 911 4411 alium
934 4332 972 4387 hu
988 4351 1021 4388 us
1075 4333 1300 4389 caretcaiiimum
1315 4334 1465 4402 adeaquie
1475 4331 1613 4403 superiori
1624 4329 1893 4452 innocontigerant

198 4410 325 4478 nominis
338 4411 474 4463 invenire,
491 4411 535 4450 cui
548 4399 674 4467 potuerit
698 4398 781 4455 datus
807 4399 896 4458 tuisse
921 4351 1021 4459 titulus
1076 4419 1160 4458 usum
1177 4404 1263 4458 luisse
1274 4403 1328 4457 linc
1345 4402 1468 4457 iormula
1483 4402 1648 4472 ρνωοοάεηιὲ
1662 4417 1740 4456 anco
1763 4416 1796 4454 re
1809 4397 1893 4454 ataid

198 4469 300 4521 ⁸8⁰0st
1076 4480 1199 4529 mortem
1214 4473 1349 4544 liprandi
1361 4473 1425 4545 jam
1441 4477 1600 4535 narratam,
1633 4470 1770 4543 quamvis
1791 4485 1892 4529 revere,

234 4535 298 4590 Cir.
312 4535 431 4618 lilii-7
442 4536 479 4605 (1)
492 4534 656 4618 Verbehiiie
677 4538 902 4598 inextricabilem
931 4542 1022 4600 terme
1075 4561 1139 4615 quas
1154 4549 1222 4599 tunc
1239 4542 1393 4613 reiciebat,
1410 4559 1487 4598 enno
1516 4542 1644 4614 proxime
1658 4543 1759 4613 elapso
1788 4541 1895 4596 accidis

196 4606 304 4661 nodum
320 4621 350 4687 in
363 4606 529 4677 hujusmodi
543 4606 661 4661 historia
680 4609 826 4667 intexuere
842 4629 849 4667 :
863 4630 927 4667 cum
943 4613 1020 4669 enim
1075 4618 1148 4671 sciit.

196 4680 307 4732 certum
323 4680 360 4731 sit
374 4676 474 4732 eodem
491 4691 567 4756 anno
586 4677 652 4732 iiii
667 4683 696 4734 et
712 4679 834 4737 electum
861 4682 947 4739 luisse
960 4685 1021 4739 Jor-
1111 4688 1149 4753 (2)
1167 4686 1299 4741 Fortasse
1312 4683 1492 4756 acquieverat
1517 4685 1661 4740 Jordanus
1681 4688 1894 4738 sacramentor

196 4747 305 4828 danum
318 4746 382 4802 Kal.
398 4745 536 4828 lanuami,
550 4751 579 4802 et
593 4764 673 4804 susce
685 4753 755 4806 itum
767 4753 802 4807 ab
817 4752 879 4823 ipso
902 4754 1021 4837 pallium
1075 4755 1338 4826 summopontiiice
1362 4756 1509 4826 requisito,
1533 4761 1618 4827 atque
1646 4755 1710 4809 ideo
1735 4760 1848 4809 secreto
1867 4768 1893 4805 sc

196 4818 242 4873 die
261 4821 277 4873 6
304 4817 473 4881 Decembris,
502 4819 533 4872 ut
557 4768 874 4905 ηαςταῐ.1148ηᾶυ(ρὴυε,
901 4825 1022 4907 intelligi
1075 4826 1163 4882 veluti
1178 4829 1354 4896 perumbras
1376 4825 1495 4897 pallium
1510 4825 1645 4896 suscepit,
1662 4823 1784 4880 nemine
1804 4840 1838 4905 ei
1851 4822 1893 4894 pn'-

196 4889 461 4971 nequitquomquo
488 4903 554 4942 oiim
576 4886 711 4946 historica
736 4897 855 4950 veritate
878 4911 1022 4966 componi·
1077 4897 1205 4953 moribus
1222 4896 1289 4952 cleri
1315 4900 1440 4966 astante,
1467 4913 1502 4954 nc
1529 4896 1644 4952 illorum
1668 4895 1892 4967 indignationem

196 4963 295 5041 possit,
316 4959 492 5031 quodlidem
513 4962 612 5013 auctor
637 4959 691 5017 hoc
715 4960 778 5017 loco
799 4963 897 5030 refert,
917 4966 1022 5022 stolam
1076 4971 1216 5023 contrusa
1231 4972 1435 5023 commoveret.

196 5028 530 5112 videlicetelltemardo·
546 5029 672 5085 delatam
698 5032 790 5113 lloma
810 5034 895 5092 luisse
918 5052 1022 5107 praee·
1112 5038 1151 5107 (3)
1162 5039 1314 5103 Quodnam
1342 5042 1417 5095 esset
1446 5037 1501 5094 boo
1524 5037 1706 5105 beneficium,
1729 5038 1798 5108 jani
1819 5050 1894 5106 supra

195 5098 367 5180 dentianao.
401 5098 566 5182 Puricellins
587 5104 617 5155 ut
636 5117 665 5156 se
689 5101 861 5183 difficultate
883 5107 1022 5173 exsolvat,
1075 5125 1137 5180 cap.
1155 5108 1181 5168 i.
1198 5109 1370 5179 explicatum
1394 5113 1447 5165 est.
1476 5110 1608 5164 l'ortasse
1629 5108 1717 5165 etiam
1745 5108 1777 5162 iri
1798 5108 1892 5163 coelin

195 5183 307 5223 morem
327 5168 408 5224 illum
441 5170 572 5253 producit
603 5171 638 5226 ab
660 5171 812 5254 'aliquibus
843 5183 1021 5249 usurpatum,
1077 5178 1892 5251 Decumanorumillumadmisernt,etpresbyterisssrri

196 5240 228 5293 ut
255 5253 363 5319 aunum
391 5256 409 5294 a
439 5240 485 5295 die
517 5240 552 5294 23
585 5240 677 5295 Martii
726 5245 934 5313 exordinantur,
968 5249 1022 5303 ait·
1076 5250 1278 5321 peragentibus
1293 5251 1453 5310 inserviret.

195 5323 250 5380 que
278 5305 327 5362 illo
345 5325 443 5392 ‘usum
473 5309 684 5381 landulphum,
719 5313 760 5370 its
789 5320 821 5371 ut
842 5319 878 5373 ab
911 5336 944 5375 eo
975 5319 1021 5375 die
1110 5321 1446 5392 (tit.let20reditori.

196 5378 320 5460 alterum
341 5395 401 5450 Jam
441 5395 550 5461 annum
580 5389 756 5462 numeraret.
793 5389 925 5445 attamen
955 5406 1021 5445 sen·
1109 5392 1151 5460 (ti)
1164 5391 1194 5445 id
1208 5394 1251 5446 est
1264 5392 1383 5447 minime
1397 5393 1503 5449 oblitus
1518 5409 1582 5447 suin
1611 5408 1678 5447 ecce
1700 5392 1891 5451 inoffensa:

195 5453 287 5532 tentia
311 5449 385 5516 hinc,
412 5464 476 5529 aues
498 5465 612 5532 ingenio
637 5468 694 5507 non
720 5466 807 5523 curet,
833 5458 959 5540 pluribus
975 5477 1020 5516 ie·
1075 5478 1209 5532 quanam
1225 5466 1322 5518 autem
1336 5462 1398 5519 haic
1412 5468 1486 5519 esset
1496 5461 1616 5520 interius
1627 5408 1763 5535 explicat

194 5518 254 5579 tetii
269 5524 373 5596 potest.
388 5518 484 5575 Primo
500 5535 577 5576 enim
592 5537 650 5578 nou
665 5530 787 5595 constat,
802 5527 877 5585 bano
891 5546 1023 5588 incarna-
1109 5533 1149 5606 (5)
1165 5533 1301 5590 Existimo
1312 5534 1467 5606 legendum
1480 5534 1525 5591 ait
1536 5536 1647 5590 mirum.
