3884 6050
49 267 107 341 aas
426 265 540 326 66666
557 266 641 339 666
655 263 956 347 1111111111..-»,116
974 266 1367 337 116-6666666666.
1715 272 1770 332 ser

52 392 199 468 reposita.
210 392 474 459 Fodimtesmbm
483 391 884 467 indexlcrumpurtemquie
898 395 923 453 Δ
939 396 1160 470 6666661666
1169 400 1445 475 postlllexandrum
1455 399 1769 462 secundumleodien·

54 482 92 540 ita
107 481 202 539 futuri
214 481 312 554 operis
320 480 396 539 ordo
406 480 560 555 poscebat,
569 482 600 539 16
611 481 723 556 angulo
731 481 884 554 cujusdam
940 482 1024 541 sibus
1038 488 1219 560 presidebat,
1240 490 1322 559 adiit,
1347 506 1477 565 eumque
1491 498 1517 548 et
1528 489 1723 563 sapientiores
1739 493 1769 549 61

53 570 681 638 666616166666666166666666666166
691 571 814 647 quidem
822 585 885 628 ma·
939 571 1052 645 primos
1064 577 1197 637 ccclesias
1209 579 1234 650 ej
1240 578 1355 645 usdem,
1363 578 1436 651 quid
1444 576 1501 635 sibi
1513 576 1666 652 superhoc
1679 593 1770 648 nego·

49 662 117 734 jora
131 660 258 725 61166166
270 676 342 719 sero
356 659 484 723 minora.
499 660 558 719 Sed
569 660 687 720 6616616
694 661 732 717 66
746 659 805 721 hiis
819 660 883 735 qui·
938 661 980 717 116
988 664 1142 733 agendum
1155 671 1244 735 esset,
1262 667 1459 735 66666111.ουί
1473 667 1575 725 666116
1591 671 1650 725 tam
1664 666 1770 738 16666-

52 748 246 809 naminarint
260 748 884 821 66616666666666661666666666616-
937 747 979 807 da
992 750 1147 824 insperate
1161 756 1202 814 661
1215 755 1369 822 relatione,
1382 755 1531 813 immenso
1541 770 1648 813 omncs
1664 753 1770 826 gestie·

51 839 120 906 nim,
135 836 884 915 quibeatumEucheriumallarolorelegatumbe·
937 843 1008 897 runt
1021 842 1145 912 gaudio,
1171 843 1327 905 laudantes
1346 847 1449 913 ileum,
1476 843 1568 918 quod-
1581 843 1769 919 temporibus

50 926 883 1002 61666666666661661666666666611611661161666
937 941 1043 985 eorum
1056 930 1158 990 talium
1174 938 1367 994 attentorum
1382 931 1579 1007 patrnmiieri
1600 931 1638 989 ab
1656 947 1693 989 ec
1706 947 1770 1006 pre·

52 1016 443 1090 cummoresuasspultum
452 1018 597 1075 seniorum
613 1022 779 1081 nostrorum
794 1022 884 1075 attes-
937 1014 1088 1076 destinata
1100 1026 1178 1079 esset
1191 1022 1357 1081 translatio.

53 1104 883 1183 161666616166166(666616666666166661616,166661616
972 1106 1000 1163 3.
1018 1108 1152 1166 166611·
1164 1126 1236 1181 erga
1250 1110 1309 1168 inc.
1325 1113 1410 1169 hom.
1441 1109 1519 1179 1169,
1537 1107 1657 1181 imperii
1668 1106 1769 1165 Fride·

51 1193 186 1269 quodam
201 1202 373 1253 reverenter
386 1199 458 1255 suut
488 1194 652 1255 recondita.
673 1197 745 1251 Ante
759 1192 882 1268 ospello
936 1190 990 1250 rici
1001 1194 1089 1267 primi
1102 1213 1183 1257 auno
1202 1204 1234 1257 16
1244 1198 1328 1268 (566),
1339 1197 1538 1256 ordinationis
1551 1202 1653 1256 eutem
1663 1196 1769 1254 domni

51 1281 881 1356 muminitoicumtodlentescumvenissentinvensrunr
937 1282 1037 1340 erici
1051 1284 1170 1344 abbatis
1184 1303 1265 1345 anno
1283 1288 1324 1356 11,
1348 1287 1541 1361 episcopatus
1566 1302 1637 1343 vcro
1651 1286 1770 1345 11666111

52 1371 107 1431 ibis
115 1370 589 1447 arcophagumcujnsdamnobis
599 1372 883 1446 quidemignctiae
936 1369 1105 1431 Leodiensis
1117 1374 1251 1449 episcopi
1264 1378 1291 1443 3,
1305 1374 1427 1448 1666616
1439 1373 1645 1433 translationis
1663 1389 1770 1431 eorum

53 1462 189 1523 eundum
203 1462 425 1519 estimationem
438 1477 508 1518 vero
529 1465 663 1521 nostram
679 1460 782 1533 magni
798 1458 882 1535 apud
937 1456 1070 1518 16616661
1082 1462 1287 1537 sollempniter
1297 1479 1458 1537 corporum
1474 1462 1770 1521 eorumdemsancto·

52 1551 144 1609 116666
158 1550 260 1611 meriti
276 1555 305 1608 et
319 1550 350 1607 16
360 1548 422 1607 vita
433 1551 522 1611 etiam
534 1548 778 1624 gloriosi,utpote
793 1548 882 1624 utqui
936 1562 1005 1604 rum
1016 1547 1153 1618 elevatio,
1165 1558 1194 1611 61
1209 1552 1355 1611 translata
1371 1558 1441 1610 sunt
1453 1553 1596 1609 secundo.
1612 1550 1769 1613 Affnerunt

51 1639 81 1697 16
95 1645 161 1697 tam
177 1638 329 1713 solempni
342 1636 410 1697 loco
423 1642 485 1697 tum
504 1638 649 1697 reverenti
663 1637 787 1698 traditus
797 1635 883 1697 luerit
936 1634 1493 1714 6661666666661666666616666616616
1506 1638 1768 1715 prepositusidem·

52 1728 228 1800 sepulture.
246 1728 376 1787 Fuerunt
398 1732 499 1791 tameo
512 1726 566 1800 qui
587 1743 658 1787 eum
679 1724 755 1789 beati
775 1725 881 1785 liberti
898 1745 920 1805 6
936 1739 995 1799 666
1009 1725 1250 1800 archidyaconus
1274 1730 1449 1802 lleynricus,
1464 1731 1562 1785 116666
1581 1735 1609 1785 61
1623 1727 1768 1785 liedulfus

53 1818 196 1888 martyris
206 1814 328 1879 ,socium
350 1813 537 1876 6166666661
563 1820 593 1875 61
606 1831 677 1879 cum
691 1831 727 1875 eo
746 1814 881 1889 palmam
936 1812 1151 1884 archidiaconi,
1165 1817 1291 1875 abbates
1308 1823 1335 1874 61
1346 1817 1469 1876 comites
1482 1826 1509 1873 et
1523 1815 1706 1874 secularium
1719 1815 1767 1874 di·

53 1904 177 1965 martirii
187 1904 404 1979 adeptum,hoc
415 1903 718 1965 autumantesinditio
726 1903 882 1976 sauguinis
936 1902 1084 1974 quitatum
1104 1911 1238 1979 66166166
1256 1906 1483 1980 quamplurimi,
1499 1905 1602 1979 populi
1630 1912 1766 1980 preterea

53 1992 287 2071 plurimi,qusm
298 1993 527 2067 insercophaqo
537 1991 751 2065 conglobatum
762 1992 881 2053 invene·
936 1991 1766 2067 utriusquescrusmultitudoinnumerabilis.Episcopus

52 2087 128 2141 runt
143 2081 239 2157 Cujus
250 2098 332 2153 ossa,
352 2080 429 2141 61661
440 2086 469 2140 61
485 2086 653 2143 ceterorum
661 2096 742 2157 quos
755 2079 881 2159 predixi·
934 2078 1000 2153 1666
1009 2078 1247 2143 sacerdotalibus
1255 2081 1581 2150 indutusornamentis,
1593 2080 1766 2156 clericisque

53 2185 130 2239 mus,
140 2175 313 2237 reverenter
324 2168 633 2239 66661616,161666116
646 2170 779 2230 61166661
789 2173 882 2235 traus-
935 2167 988 2240 qui
1002 2166 1767 2249 letaniampsallebanteumpreeuntibns,cnmsan·

54 2260 161 2333 posita.
935 2261 1053 2314 olorum
1065 2257 1271 2318 ministrorum
1283 2258 1388 2317 ordine
1418 2257 1458 2315 ad
1472 2257 1574 2316 locum
1598 2262 1767 2316 reverenter

83 2347 112 2406 2.
127 2351 220 2407 ltetro
230 2349 264 2385 ⁸¹¹
278 2363 349 2407 vero
358 2347 455 2409 altars
467 2346 564 2421 ipsius
576 2344 699 2421 capellae
714 2346 815 2420 spissa
829 2345 882 2407 ad·
935 2345 1055 2415 accesit,
1071 2352 1101 2405 et
1112 2364 1181 2407 cum
1196 2363 1309 2420 magna
1323 2346 1423 2406 cordis
1439 2346 1615 2405 contritione
1629 2351 1658 2405 61
1671 2347 1766 2405 animi

54 2437 181 2496 modum
191 2441 222 2494 61
234 2436 306 2495 firmi
313 2435 413 2510 operis
419 2441 721 2510 cementocompacte
728 2435 796 2494 vola
806 2439 880 2502 erat,
936 2434 1084 2508 spirituali
1095 2435 1278 2496 exultatione
1291 2453 1396 2494 eorum
1409 2435 1680 2510 corporaelevavit
1696 2452 1766 2511 quse

52 2523 80 2581 in
94 2540 159 2598 qua
174 2528 297 2589 sanctos
309 2522 480 2583 oudonem
491 2531 521 2580 61
543 2523 719 2581 Eucherium
735 2520 882 2581 contineri
936 2522 1182 2598 adspectandum
1190 2525 1338 2601 populoin
1346 2526 1446 2584 medic
1454 2524 1626 2583 monasterii
1635 2525 1763 2598 prolata,

54 2611 190 2685 vulgaris
200 2611 301 2686 opinio
313 2606 438 2673 terebat.
451 2612 534 2673 llanc
548 2627 655 2670 eorum
671 2610 844 2685 opinionem
853 2616 882 2669 et
934 2610 967 2669 16
981 2613 1171 2673 scrinioauro
1186 2612 1684 2687 argentoqueinsigniterlabricato
1695 2618 1766 2672 sunt

53 2703 208 2760 seniorum
217 2699 729 2775 pretereanostrorumassertionem
739 2699 782 2756 rei
795 2715 882 2757 eren·
934 2702 1168 2770 reconditaouo
1180 2702 1271 2774 16616,
1283 2702 1393 2760 abbate
1408 2703 1476 2775 ipso
1489 2702 1615 2759 chorum
1631 2707 1762 2775 regente,

54 2795 97 2849 lus
110 2788 290 2863 lelellitqui
299 2788 442 2848 dicebant
454 2794 483 2846 et
500 2786 531 2847 in
557 2787 677 2862 scriptis
699 2787 788 2846 etiam
816 2786 881 2845 reli·
935 2789 1141 2865 sollempniter
1155 2792 1192 2849 de
1205 2791 1318 2850 eisdem
1328 2789 1440 2848 sanctis
1450 2790 1590 2848 inchoata
1600 2796 1645 2847 est
1658 2792 1762 2858 missa,

53 2884 191 2952 querant,
204 2894 256 2936 sos
265 2878 297 2935 in
309 2876 523 2952 criptaduplici
534 2875 602 2935 vola
608 2881 750 2949 cooperta
761 2875 878 2934 haberi.
934 2884 964 2939 61
974 2879 1014 2937 ab
1028 2879 1170 2953 episcopo
1185 2880 1324 2938 decenter
1338 2879 1507 2936 decantata.
1536 2879 1603 2935 Post
1617 2893 1766 2938 canonem

55 2960 188 3030 8666616
202 2966 326 3044 6616616
347 2968 470 3026 inventa
489 2971 577 3026 66161
595 2964 626 3025 16
649 2982 685 3025 66
706 2972 879 3025 sanctorum
934 2974 1036 3029 autem
1051 2968 1212 3044 sollempni
1226 2968 1346 3029 decreto
1361 2966 1495 3035 instituit,
1510 2970 1542 3026 61
1556 2966 1619 3026 6166
1641 2968 1766 3032 transla-

53 3075 193 3134 corpora,
206 3057 308 3132 criptae
319 3073 390 3116 vero
405 3056 488 3116 nulla
498 3055 627 3115 inveniri
641 3055 766 3129 vestigia
779 3062 881 3130 pctus·
894 3096 916 3158 c
935 3059 1023 3118 116616
1035 3074 1140 3119 sorum
1153 3059 1254 3118 denuo
1262 3059 1370 3117 lestiva
1377 3057 1559 3116 exultatione
1568 3057 1609 3117 ab
1621 3058 1765 3117 omnibus

53 3150 244 3222 rentAperto
256 3162 327 3221 ergo
341 3163 360 3204 a
373 3145 529 3221 posteriori
538 3151 622 3220 parte
633 3144 725 3220 ipsius
738 3144 811 3204 vole
821 3162 880 3203 mo·
932 3148 1015 3206 hunc
1027 3147 1128 3206 locum
1140 3147 1340 3206 incolentibus
1352 3145 1480 3205 celebris
1496 3147 1765 3220 ageretur.Proces·

53 3235 114 3294 dico
127 3235 294 3303 toramine,
306 3236 475 3294 invenimus
490 3233 694 3306 sarcolagum,
707 3239 735 3294 et
748 3233 777 3292 in
798 3251 834 3293 eo
847 3234 879 3292 in
934 3237 1071 3310 616666
1085 3251 1122 3293 ea
1136 3235 1184 3293 die
1199 3239 1321 3310 propter
1342 3234 1567 3293 muldtudinem
1581 3231 1697 3310 populi.
1712 3235 1766 3309 qui

54 3323 467 3400 mcuhsscrinioliscorpcrs
476 3322 879 3400 singulorum,adhihitisque
933 3323 1119 3383 confluxerat
1130 3330 1160 3383 ut
1174 3324 1266 3382 moris
1278 3328 1333 3393 est,
1344 3321 1395 3395 agi
1407 3323 1582 3398 conposuit.
1596 3325 1627 3381 in
1641 3323 1764 3386 6161161.

54 3412 250 3473 luminaribus
260 3418 290 3471 61
302 3413 444 3488 inspectis
469 3412 627 3485 diligenter
637 3412 747 3470 locellis
769 3441 805 3460 -·
818 3428 880 3470 nox
934 3416 1086 3490 Septemp.
1103 3410 1642 3488 sollempniprecedenlejejunioacla
1655 3418 1710 3483 est,
1723 3417 1767 3473 to·

55 3501 128 3560 enim
142 3506 213 3562 6661
225 3532 261 3544 -
273 3518 326 3575 666
339 3500 548 3573 magnitudine
562 3499 667 3559 leticia
683 3499 815 3568 tabbate
828 3517 879 3559 uu·
934 3507 1042 3576 166666
1058 3501 1184 3562 civitatis
1199 3501 1331 3560 ambitus
1344 3500 1402 3558 hac
1416 3506 1590 3560 sanctorum
1603 3518 1765 3578 corporum

54 3590 174 3659 6166616
191 3605 301 3650 rocem
307 3589 507 3652 confessionis
522 3589 768 3648 etlaudisomnes
779 3588 879 3649 subito
933 3590 1106 3652 circuitione
1114 3592 1274 3649 conclusus
1287 3594 1342 3658 cst,
1353 3595 1477 3664 propter
1489 3591 1691 3649 imminentem
1703 3591 1766 3667 pla·

54 3681 219 3753 erupimus,
233 3680 422 3746 concinentes
436 3679 562 3737 vocibus
574 3678 710 3737 altisonis
733 3679 772 3738 Te
784 3675 879 3739 Deum
932 3697 1005 3756 qam
1015 3679 1159 3754 ignis,qui
1165 3696 1201 3738 eo
1213 3696 1295 3737 anuo
1301 3679 1413 3736 exustis
1420 3679 1656 3755 circumquaque
1670 3680 1767 3738 domi·

55 3769 218 3827 laudemus.
225 3768 353 3828 Proinde
359 3768 389 3826 in
397 3765 543 3829 honorem
556 3767 775 3842 ipsiusgloriosi
783 3775 879 3844 patro·
932 3768 1003 3840 hus,
1012 3768 1144 3827 civitates
1157 3773 1186 3826 61
1196 3768 1277 3826 vicos
1293 3766 1765 3842 graviincendioplurimumras·

54 3858 80 3913 ni
96 3857 198 3916 nostri
211 3857 249 3914 ds
261 3872 297 3916 ec
311 3855 379 3931 ipso
394 3855 532 3916 matutini
545 3855 879 3932 sollempnitersuntde·
932 3862 1058 3916 laverat.
1085 3857 1216 3930 Sumptis
1229 3872 1301 3928 ergo
1316 3855 1468 3930 aliquibus
1487 3851 1525 3914 de
1548 3871 1634 3914 sacro
1660 3873 1765 3916 eorum

55 3948 170 4006 6661611.
185 3947 271 4006 1666
283 3944 361 4006 16616
373 3945 466 4018 siguis
478 3946 740 4020 concrepantibus,
757 3947 878 4021 cognito
932 3962 1056 4021 corpore
1066 3944 1198 4022 reliquiis
1212 3945 1253 4003 66
1260 3946 1297 3983 ⁴¹⁸
1307 3944 1434 4002 salutem
1449 3949 1478 4000 et
1489 3947 1665 4018 perpetuam
1671 3945 1765 4004 nostri

54 4033 879 4109 quidaecidisset,populusomnisaccurrit,etexaltanti·
932 4032 1764 4110 munitionem,novopallioinroluti,insingulisscrinio-

56 4120 106 4180 bns
116 4123 233 4194 animis
246 4122 877 4198 possibilitatissurequisquemunusculum
893 4128 916 4185 D
932 4123 970 4180 lis
989 4122 1069 4180 terro
1090 4123 1248 4195 diligenter
1270 4121 1437 4181 obfirmatis
1451 4124 1596 4181 reconditi
1617 4129 1698 4182 sunt.
1713 4123 1766 4183 illa

55 4211 189 4283 61166666,
203 4210 877 4286 quemergapatronurnsunmailcctumhabe·
932 4228 1001 4270 reru
1012 4211 1040 4268 ln
1054 4211 1169 4286 quibus
1180 4213 1279 4286 primo
1291 4213 1459 4285 iacuerunt,
1475 4210 1548 4283 quia
1563 4217 1766 4285 prevetustate

56 4298 371 4360 rstderotusostendit
384 4299 454 4358 1666
460 4316 531 4358 cum
542 4300 580 4357 de
587 4300 799 4359 transterendis
811 4317 879 4359 san·
933 4305 962 4359 et
980 4307 1063 4360 16666
1074 4301 1201 4359 humore
1208 4299 1392 4358 omnimodis
1404 4304 1651 4369 conputrnerant,
1660 4301 1691 4357 in
1702 4317 1764 4359 sar·

56 4395 164 4446 olorum
178 4387 876 4463 corporibussermoinpopuloagitaricepisset,
931 4384 1535 4464 661666666661666666116,6661166666
1558 4402 1663 4447 eorum
1673 4388 1765 4447 cineri

56 4477 121 4549 quid
135 4477 261 4548 1666661,
273 4494 335 4552 666
349 4493 381 4534 66
396 4481 529 4545 verteret,
545 4475 639 4534 abbas
662 4478 802 4550 Wiricus,
823 4478 876 4538 ali·
931 4478 1097 4539 reverentia
1111 4479 1309 4537 honorantur.

57 4565 201 4637 quamdiu
215 4565 294 4622 hesit
307 4567 493 4638 anceps.tlou
511 4563 592 4621 enim
602 4564 875 4636 intentioeiluerat,
965 4571 993 4626 1.
1008 4570 1143 4642 Cumque
1158 4568 1765 4642 1’1661666666666666666666661666666

58 4658 84 4710 61
94 4653 217 4712 eossub
227 4657 306 4712 terra
316 4657 453 4728 quereret
467 4657 519 4710 aut
541 4652 680 4711 inventos
693 4653 767 4713 torte
781 4664 878 4714 trans·
930 4656 1032 4732 inquo
1046 4656 1165 4714 locandi
1171 4662 1257 4715 erant
1267 4659 1348 4728 ι’1,16
1355 4655 1759 4732 66161661666111661666661,

59 4738 146 4814 terret,
158 4741 215 4800 sed
227 4742 364 4800 utlocum
373 4741 523 4818 sepulchri
537 4757 653 4810 eorum,
671 4747 702 4800 ui
716 4748 815 4802 tantos
824 4761 879 4818 pu·
931 4746 1021 4822 positi
1031 4746 1059 4804 in
1083 4744 1183 4804 medio
1197 4748 1371 4808 monasterii
1390 4753 1512 4814 starent,
1531 4751 1560 4805 61
1575 4743 1660 4803 multi
1674 4744 1764 4818 longe

58 4829 259 4899 1666666661,
279 4830 397 4888 venusti
409 4829 510 4904 operis
529 4830 660 4888 novitate
674 4831 877 4892 decorabilem
930 4833 1523 4909 161666661666666666666666616661,
1539 4833 1627 4893 miles
1641 4834 1763 4907 quidam

57 4917 199 4979 redderet.
221 4918 877 4982 ilincunanimiomniumsuorumvcluntate
931 4924 1068 4999 penitens
1082 4921 1120 4981 66
1131 4919 1765 4999 partibusllormanniae,lerrobrachiumli·

57 5003 255 5076 bccdscreto,
269 5011 303 5067 ut
326 5008 550 5076 translersntur,
572 5007 734 5068 1166611666
762 5011 877 5086 episco-
932 5017 1033 5087 66166,
1041 5010 1146 5071 666116
1157 5028 1264 5074 eorum
1277 5012 1610 5082 ismaaduosdirsrtlt,
1620 5014 1761 5072 eteorum

729 5132 850 5196 1611161
880 5135 1084 5196 umores.

88 5255 123 5293 ‘¹¹‘
133 5261 217 5314 retro
228 5286 266 5300 -
277 5255 433 5315 1666616116
447 5269 485 5315 es
503 5255 568 5314 cod.
581 5255 750 5317 1166661166.
788 5258 825 5297 ⁸¹⁸
844 5257 951 5318 ecdem
965 5259 1051 5318 addit
1066 5266 1209 5320 corrector
1224 5276 1233 5331 ς
1249 5263 1277 5320 61
1304 5261 1360 5321 hor
1381 5264 1470 5334 ceput
1488 5255 1570 5320 uest
1600 5257 1760 5332 amelec

88 5327 123 5366 ⁴2·
144 5327 186 5387 se
201 5353 237 5371 -
251 5328 450 5387 66666666
462 5327 621 5389 munem
659 5330 959 5405 6666666666
976 5331 1061 5403 epse
1084 5332 1124 5390 6.
1161 5333 1198 5372 se
1214 5332 1484 5395 resecasse-»s
1500 5334 1542 5394 6.

91 5522 798 5601 6666161666661666666166.
851 5429 1189 5595 murelunae
