3884 6050
81 282 159 344 asar
882 269 983 346 rut.
1707 285 1783 355 uae

76 414 191 487 populo
209 413 309 472 laetitia
321 414 423 484 oritur,
439 415 491 489 qui
514 427 546 473 se
561 416 695 474 certatim
711 414 852 489 episcopo
872 414 903 471 in
918 403 943 477 Ᾰ
959 427 1029 488 gam
1043 434 1095 475 seu
1110 418 1287 495 colbergam
1303 438 1393 496 super
1400 422 1479 480 littus
1491 421 1582 480 maris
1590 422 1671 481 silam
1685 431 1786 497 perve-

75 502 135 560 tide
153 504 333 560 erudiendos
347 505 528 563 obtuleruut.
549 509 609 563 tioc
624 504 739 562 iervore
761 505 903 561 utendum
957 514 1066 565 nerunt
1080 509 1131 566 nbi
1150 512 1353 568 conversionis
1364 515 1514 586 negotium
1526 514 1713 570 cunctantius
1724 528 1785 570 nou

76 597 156 649 ratus
171 593 238 650 Otto
261 591 381 664 publica
395 594 433 650 ad
447 594 627 651 stetinenses
642 593 744 649 habita
767 592 903 649 oratioue
958 594 1191 669 nihilprcoessit,
1201 600 1393 672 quodcivium
1402 603 1537 674 plerique
1546 603 1628 659 urbis
1637 604 1784 659 maritimae

76 680 143 737 illos
155 681 194 737 ad
207 681 299 738 tidem
312 684 495 755 provocavit,
511 689 601 756 atque
614 684 645 740 in
660 688 775 741 tautum
791 682 905 740 anima·
957 686 1131 755 negctiandi
1144 702 1237 746 causa
1248 690 1385 746 abessent
1396 706 1431 746 ao
1446 691 1543 747 catari
1555 691 1585 747 in
1600 706 1705 749 eorum
1732 690 1784 747 ab·

76 770 126 834 vit,
144 775 184 837 ut,
201 770 274 826 dum
284 771 351 844 ipse
366 787 435 828 cum
457 772 518 828 suis
532 773 737 830 sacerdotibus
749 778 777 829 et
792 770 904 829 clericis
958 774 1056 830 sentia
1070 776 1142 833 nihil
1157 776 1525 848 inreligiouamutandum
1536 783 1701 836 censerent.
1718 779 1782 836 Cre·

75 858 161 915 urbis
173 857 244 915 lana
259 864 287 915 et
300 860 461 918 simulacra
471 861 609 929 dirueret,
625 861 679 935 ipsi
695 877 817 935 quoque
826 861 903 916 cives
958 861 1017 918 bris
1028 866 1127 921 tamen
1136 866 1250 922 ottonis
1262 866 1518 925 exhortationibus
1533 868 1605 926 moti
1616 875 1645 925 et
1656 869 1711 941 ipsi
1735 885 1784 924 su-

76 947 108 1004 in
123 946 181 1003 illis
204 948 401 1004 demoliendis
416 966 536 1021 operam
553 967 639 1008 suam
663 950 839 1007 conterrent.
857 948 904 1004 llis
959 957 1062 1024 sceptu
1074 952 1224 1024 baptismo
1245 954 1379 1012 Ecclesiae
1395 960 1464 1013 sunt
1479 957 1643 1028 aggregati,
1657 955 1784 1014 fundato

77 1037 205 1107 peractis
217 1036 283 1092 illos
302 1037 333 1093 in
346 1037 405 1094 fide
420 1038 565 1106 instruxit,
590 1056 626 1096 ac
648 1040 758 1111 ingenti
773 1050 904 1111 ,numero
958 1039 1000 1095 ibi
1015 1041 1123 1113 pariter
1134 1041 1219 1099 altari
1234 1046 1262 1099 et
1272 1045 1452 1101 sanctuario.
1466 1046 1538 1101 iiiuc
1551 1046 1637 1102 unius
1661 1045 1719 1101 diei
1740 1045 1784 1102 iti·

76 1123 244 1197 baptizavit.
260 1148 274 1178 a
293 1126 441 1183 ordinatis
466 1134 566 1184 autem
592 1128 650 1186 illic
667 1129 821 1192 omnihus,
835 1140 904 1200 qum
957 1144 1029 1185 nere
1037 1131 1187 1200 progressi
1201 1131 1239 1187 ad
1252 1132 1441 1202 belgradiam
1450 1149 1503 1189 seu
1517 1132 1720 1205 belegardiam
1735 1149 1784 1190 ca·

75 1212 142 1270 rudi
156 1213 288 1271 ecclesiae
305 1214 460 1289 protutura
473 1216 682 1284 credebantur,
696 1221 904 1288 exstructaque
958 1220 1064 1283 strum,
1076 1223 1187 1276 metam
1200 1220 1410 1277 ibisaorrasuas
1420 1221 1617 1293 expeditionis
1632 1222 1722 1279 etiam
1732 1221 1783 1278 hu·

75 1301 199 1359 basilica
213 1302 347 1374 diligenti
358 1304 467 1361 curain
485 1306 582 1362 medio
593 1305 656 1362 loro
668 1304 904 1373 stetinensicol-
955 1304 1006 1377 jus
1018 1305 1076 1361 loci
1096 1306 1291 1364 conversione
1310 1313 1481 1380 posuerunt.

74 1389 903 1465 latisqueomnibus,quaesacerdotaliscfficiiratioposce-
994 1394 1060 1450 Otto
1086 1393 1185 1464 igitur,
1210 1400 1242 1451 ut
1268 1400 1400 1468 tempore
1423 1394 1556 1468 paschali
1571 1411 1621 1452 an.
1648 1396 1714 1453 ttae
1744 1395 1784 1452 ad

75 1478 137 1544 bat,
154 1478 207 1553 qui
217 1478 329 1551 populo
337 1488 487 1554 praesset,
501 1484 574 1538 sicut
584 1484 696 1556 ubique
703 1481 838 1547 iaciebat,
856 1497 903 1537 sa·
957 1481 1119 1539 Ecclesiam
1135 1499 1223 1541 suam
1236 1485 1483 1555 bambergensem
1491 1485 1596 1542 reverti
1606 1490 1718 1559 posset,
1733 1500 1785 1542 au·

75 1568 227 1624 cerdotem
242 1568 376 1626 investiri
386 1571 510 1628 curavit.
525 1572 618 1628 »iude
629 1577 734 1645 postea
748 1570 901 1627 discedens
957 1575 1102 1643 tequame
1114 1572 1475 1639 Pomeraniadiscederet,
1485 1573 1604 1647 singula
1612 1573 1709 1631 adhuc
1718 1574 1785 1629 loca

75 1655 116 1711 ad
130 1657 329 1714 Gratizcenses
341 1663 370 1714 at
384 1658 567 1716 Lubiuensca
586 1661 615 1717 iu
632 1660 763 1717 confinio
789 1659 901 1731 positos
954 1659 986 1715 in
1000 1659 1093 1716 reditu
1108 1660 1233 1717 lustrare
1248 1660 1349 1731 voluit,
1366 1667 1399 1718 ut
1417 1677 1485 1734 qum
1496 1661 1573 1719 torte
1583 1662 1680 1734 primo
1689 1659 1785 1717 labori

75 1745 216 1817 pervenit,
234 1746 345 1819 quibus
359 1748 451 1803 fidem
466 1748 577 1821 pariter
589 1748 735 1821 amplexis
753 1752 901 1805 exstructo
920 1767 942 1834 B
957 1747 1122 1805 defuissent
1137 1748 1275 1806 secundis
1286 1750 1365 1806 curis
1379 1750 1531 1822 suppleret
1544 1755 1595 1805 aut
1610 1749 1779 1823 perficeret.

75 1834 161 1891 altari
184 1842 213 1892 et
233 1837 376 1893 ordinatis
392 1837 449 1895 illic
473 1839 679 1896 sacerdotibus
701 1855 752 1911 per
774 1840 902 1897 Oderam
957 1837 992 1894 Et
1004 1851 1073 1893 vero
1087 1837 1216 1893 maximo
1231 1853 1287 1894 suo
1301 1837 1413 1908 gaudio
1427 1836 1579 1906 ecclesias,
1594 1842 1671 1910 quas
1685 1838 1785 1910 primo

75 1921 203 1980 fluvium
220 1940 363 1997 prospero
374 1933 463 1984 vento
475 1928 512 1984 ad
526 1928 631 1985 lulium
645 1927 743 1985 littora
756 1944 825 1985 cum
842 1928 904 1984 suis
956 1926 1047 1982 rudes
1062 1929 1092 1983 el
1115 1926 1304 1999 imperfectas
1324 1925 1493 1999 reliquerat,
1506 1927 1570 1998 jam
1586 1925 1703 1982 interim
1718 1941 1786 1981 ccu-

78 2027 217 2068 raversus
231 2018 286 2071 est.
957 2019 1126 2071 summutas
1134 2015 1304 2088 reperitope
1313 2014 1593 2086 sacerdotum,quos
1600 2013 1786 2087 ubiquecon·

115 2102 229 2160 XLthI.
240 2104 268 2158 lu
279 2102 330 2160 illa
345 2103 464 2162 civitate
475 2105 514 2162 ab
525 2106 630 2162 incolis
642 2106 681 2163 ad
695 2106 904 2164 stetinensium
959 2104 1094 2161 stituarat
1101 2122 1109 2176 ;
1121 2105 1292 2177 quasetiam
1304 2103 1786 2166 consecravit,ettidelibusrecens

77 2190 250 2261 exemplum
258 2193 905 2267 melioraedoctisoumgaudioexceptibrevi
958 2193 1111 2249 conversis
1124 2193 1354 2251 confirmationis
1368 2196 1590 2250 sacramentum
1609 2192 1781 2265 impertivit.

77 2281 213 2349 tempore
220 2285 312 2336 totam
325 2282 384 2338 tere
397 2282 502 2339 urbem
511 2288 539 2339 et
548 2284 729 2355 provinciam
738 2285 798 2340 Deo
807 2281 906 2356 acqui·
959 2279 991 2337 ld
1007 2297 1128 2354 quoque
1143 2282 1254 2353 ingenti
1281 2282 1307 2338 ei
1322 2280 1429 2339 solatio
1444 2282 1562 2347 accidit,
1579 2280 1662 2353 quod
1685 2280 1787 2355 plnres

77 2365 203 2425 aierunt.
220 2391 233 2419 u
244 2370 276 2424 [it
286 2371 356 2440 quia
368 2370 474 2428 civitas
489 2372 553 2428 haec
566 2372 595 2428 in
612 2372 775 2429 meditullio
788 2371 846 2429 sita
862 2375 906 2428 est
960 2369 1070 2437 adhuc,
1087 2371 1138 2444 qui
1150 2371 1288 2444 inprime
1303 2371 1368 2442 ejus
1378 2370 1505 2427 adventu
1519 2385 1641 2443 peregre
1648 2369 1785 2436 aberant,

75 2455 266 2522 Pomeranim,
283 2457 425 2531 civesque
435 2458 601 2517 Julinenses
612 2460 703 2517 fortes
716 2461 832 2518 etdurae
846 2475 907 2517 cer-
960 2458 1082 2514 salutari
1095 2459 1175 2514 unda
1188 2460 1302 2516 caeteris
1325 2473 1488 2531 aggregare
1503 2458 1642 2531 potuerit

75 2544 152 2599 vicis
167 2551 245 2610 sunt,
271 2561 340 2601 cum
353 2546 414 2603 dux
429 2547 591 2605 vrotizlaus
611 2554 639 2604 et
656 2549 804 2622 principes
820 2554 906 2605 terrae
996 2549 1026 2603 i..
1043 2547 1217 2619 Priusquam
1238 2538 1337 2604 autem
1351 2547 1509 2620 neophytis
1524 2546 1586 2602 suis
1600 2545 1785 2612 valediceret,

76 2631 180 2687 sedem
196 2633 387 2707 episcopatus
397 2636 457 2693 lore
472 2644 651 2693 censuerunt
662 2654 668 2693 :
679 2635 906 2707 scilicetutgans
960 2634 1101 2710 quaedam
1116 2634 1465 2707 disciplinaemorumque
1473 2635 1574 2707 capita
1581 2633 1683 2691 litteris
1692 2634 1787 2691 consi-

77 2735 188 2794 aspera
203 2723 306 2795 exjugi
318 2723 906 2796 doctorispraeseutiamansuesceret,nec
960 2729 1051 2795 gnata
1062 2722 1190 2795 reliquit,
1205 2728 1371 2781 attestatur
1387 2723 1597 2796 Urspargensis
1611 2722 1650 2780 ad
1674 2739 1702 2778 a.
1720 2726 1787 2780 ttae

77 2809 119 2865 ad
144 2810 283 2881 pristinos
296 2813 403 2870 rediret
415 2830 530 2870 errores
541 2821 585 2884 ;et
599 2815 680 2888 quod
696 2814 845 2871 demedio
867 2813 906 2871 ad
960 2829 997 2869 ex
1010 2829 1071 2886 quo
1089 2811 1139 2868 illa
1153 2811 1212 2868 huc
1226 2811 1421 2884 apponimus,
1446 2812 1513 2885 quia
1527 2810 1634 2868 exinde
1649 2810 1786 2867 Ecclesiae

77 2913 186 2955 omues
203 2904 286 2956 terrae
298 2901 441 2958 terminos
455 2903 588 2960 chrisma
601 2909 630 2960 et
641 2903 709 2968 alia,
725 2919 788 2975 quae
799 2902 836 2960 ab
846 2903 906 2977 epi·
959 2902 1050 2974 hujus
1064 2900 1207 2973 temporis
1221 2900 1380 2973 disciplina
1406 2906 1435 2958 et
1449 2899 1544 2972 gentis
1562 2914 1661 2955 mores
1675 2899 1784 2970 optimo

78 3004 172 3062 scopo
187 2990 362 3062 accipianda
380 2996 461 3058 aunt,
476 2992 591 3050 lucilius
606 2992 752 3066 deportari
767 2996 901 3066 possent.
960 2993 1193 3063 cognoscuntur,
1210 3006 1279 3064 qum
1294 2990 1399 3064 partim
1415 2991 1503 3048 etiam
1531 2989 1619 3047 relert
1640 2985 1782 3046 S‘etridus.

77 3081 183 3151 ltaque
195 3079 272 3135 duas
284 3079 342 3136 illic
354 3080 494 3139 basilicas
515 3082 578 3139 lieri
593 3082 776 3155 precipiens,
802 3082 905 3139 altaria
921 3112 945 3179 c
959 3081 1063 3154 ltaque
1075 3080 1276 3137 Pomeranisa
1292 3080 1478 3136 couversisat
1489 3079 1639 3153 baptizatis
1647 3079 1785 3136 ecelesias

77 3172 195 3224 tanturn
208 3175 236 3225 et
243 3172 412 3227 sanctuaria
424 3170 621 3229 sanctificavit
631 3173 696 3228 Otto
709 3170 749 3228 ad
764 3169 905 3228 alialesti·
959 3170 1125 3227 construxit
1134 3171 1234 3228 Ottoet
1242 3169 1428 3225 consecravit
1437 3169 1781 3235 ;ethaecseoundumSS.

77 3271 165 3312 nans.
177 3257 341 3330 Episcopus
363 3260 452 3331 enim,
474 3265 507 3317 ut
518 3266 624 3333 postea
639 3261 740 3318 scribit
763 3259 902 3329 Selridus,
959 3261 1083 3317 Petrum
1095 3258 1231 3316 instituta
1245 3274 1297 3315 eos
1311 3274 1432 3316 servare
1447 3258 1555 3331 docuit.
1572 3259 1686 3315 Scilicet
1700 3262 1733 3315 ut
1746 3257 1786 3314 le·

77 3346 653 3423 proptariestinationemdeapiscopatu
660 3349 840 3406 Pomerauiae
849 3365 905 3421 pro
959 3349 1004 3405 ria
1019 3353 1102 3406 sexta
1112 3347 1296 3404 abstinerent
1310 3362 1425 3404 acerne
1440 3351 1468 3404 at
1481 3346 1557 3404 lacte
1571 3364 1653 3406 more
1669 3352 1787 3405 caetero-

77 3438 147 3491 votc
162 3450 218 3491 suo
228 3440 298 3493 tunc
312 3437 451 3494 ordinare
460 3454 521 3496 non
532 3439 636 3512 potuit,
644 3439 695 3495 sed
703 3438 740 3494 de
749 3437 905 3510 prudentia
958 3453 1026 3494 rum
1042 3437 1288 3495 Christianorum.
1299 3459 1313 3487 a
1330 3439 1404 3507 Ergo
1418 3436 1565 3494 lacticinia
1576 3453 1662 3511 arque
1675 3452 1710 3494 ac
1725 3450 1786 3492 car·

77 3524 163 3580 ducis
174 3525 316 3595 confisus,
329 3527 356 3583 ei
367 3543 403 3583 ex
417 3529 477 3584 otio
490 3527 637 3586 commisit
648 3528 904 3585 ordinandum.ttt
959 3542 1012 3583 nes
1028 3530 1097 3582 tuuc
1112 3525 1348 3598 erantprohihiia
1360 3524 1506 3581 indiebus
1518 3524 1711 3596 abstinentia,
1722 3525 1786 3598 qui·

76 3611 500 3689 illeduxunumdecapcllanis
510 3616 904 3687 suisttdalbertumuomine,
958 3616 1017 3673 hus
1031 3621 1131 3672 tamen
1154 3613 1319 3672 Sabbatum
1329 3614 1457 3670 necdum
1467 3613 1691 3671 accensebatur.
1705 3636 1719 3663 «ι
1731 3614 1786 3671 Do·

76 3716 169 3773 quem
181 3701 219 3759 da
230 3702 323 3760 latere
337 3721 390 3760 suo
403 3721 471 3761 cum
487 3704 551 3761 aliis
565 3703 684 3760 duobus
701 3702 905 3761 sacerdotibus
958 3703 1065 3759 minica
1076 3702 1125 3759 die
1137 3701 1289 3758 racentab
1301 3702 1383 3757 omui
1396 3716 1486 3773 opere
1499 3700 1590 3768 malo,
1599 3707 1628 3758 et
1640 3702 1679 3758 ad
1694 3703 1785 3758 eccle-

76 3789 490 3861 inadjutoriumcoucessarat
501 3793 655 3865 episcopo,
669 3791 905 3864 praesulatusbo·
958 3791 1035 3847 siam
1049 3789 1324 3846 divinumofficium
1337 3789 1601 3856 audituriveniaut,
1613 3788 1785 3861 ibiqueora-

77 3892 151 3932 nore
166 3878 195 3934 in
209 3884 295 3949 gente
307 3879 357 3936 illa
370 3879 550 3938 sublimavit.
563 3901 576 3929 a
590 3879 672 3936 Putet
684 3879 715 3936 id
731 3896 852 3953 quoque
867 3896 903 3935 ex
958 3878 1089 3936 tionibus
1103 3877 1235 3935 studiose
1250 3876 1395 3933 insistant.
1411 3896 1426 3931 n
1444 3879 1525 3950 Opus
1538 3876 1652 3932 malum
1667 3875 1784 3934 hictum

77 3962 161 4020 bulla
174 3967 336 4023 iunocentii
347 3968 385 4022 de
400 3984 427 4023 a.
445 3968 512 4024 tito
525 3968 581 4041 (97)
595 3968 633 4025 ad
648 3969 729 4025 hunc
744 3970 843 4040 ipsum
857 3967 903 4024 ul·
957 3969 996 4025 de
1010 3965 1202 4040 opereservili
1214 3964 1373 4039 prohibito,
1382 3980 1474 4038 quam
1482 3965 1707 4039 deqnocunque
1716 3981 1784 4038 pec·

76 4050 196 4108 bertum
212 4054 446 4111 Pomeranorum
460 4056 637 4129 episcopum
654 4075 661 4113 :
678 4056 859 4114 statuimus«
875 4060 904 4112 ut
958 4058 1113 4115 caminnsc
1125 4055 1229 4112 saltem
1237 4054 1357 4127 publico
1366 4054 1486 4124 intelligi
1498 4060 1603 4127 potest.
1618 4053 1783 4111 ‹Solemni-

76 4139 108 4197 in
123 4141 238 4199 civitate
247 4142 422 4200 Wollruensi
436 4144 465 4200 iu
481 4144 605 4201 ecclesia
619 4147 650 4201 B.
666 4144 773 4202 alberti
789 4145 904 4217 episcc-
957 4151 1004 4203 tas
1020 4148 1197 4203 Sanctorum
1208 4159 1272 4199 cum
1285 4141 1400 4212 vigiliis,
1413 4143 1634 4200 velseoundum
1649 4142 1730 4215 quod
1741 4143 1783 4198 eis

76 4228 155 4299 palis
166 4229 251 4285 sedes
261 4232 409 4304 perpetuis
416 4233 764 4306 temporibushabeatur.
778 4254 792 4283 a
803 4234 903 4304 Etipse
957 4234 1121 4292 iudicatum
1135 4231 1232 4301 luerit,
1247 4231 1409 4289 cumomni
1420 4230 1573 4301 diligentia
1588 4231 1781 4287 observent.»

76 4315 250 4373 Adelbertus
265 4334 297 4374 se
320 4320 450 4392 primum
475 4324 707 4379 pomeranorum
734 4320 904 4395 apostolum
957 4322 1044 4380 Festa
1058 4322 1152 4378 abeis
1166 4323 1356 4378 observanda
1374 4322 1438 4377 haec
1453 4324 1583 4377 recenset
1609 4318 1740 4376 Selridus
1751 4318 1782 4374 in

77 4404 178 4461 scribit
187 4406 217 4462 in
232 4406 333 4463 litteris
349 4426 377 4465 a.
393 4410 664 4482 truensthorp«
687 4414 728 4468 Ex
749 4427 820 4484 quo,
850 4410 901 4477 ait,
956 4412 1027 4478 vita,
1041 4411 1078 4468 de
1094 4399 1354 4480 incarnationem
1365 4410 1527 4476 Nativitate,
1540 4407 1779 4475 circumcisione,

75 4493 209 4564 primum
224 4510 297 4565 gens
311 4497 544 4556 Pomerancrum
558 4499 664 4556 devoto
679 4500 777 4556 studio
790 4498 902 4555 domini
920 4474 943 4534 D
958 4499 1404 4574 Apparitione,Proeseutaticua‚
1419 4495 1782 4570 baptismatairansfigu·

77 4580 196 4637 Bolizlai
212 4583 332 4655 gloriosi
347 4586 527 4643 Polonorum
541 4587 671 4643 ducisse
691 4588 902 4658 predicatione
955 4585 1780 4659 ratione,Passioneetliesurrectioneatquehsceusione,

78 4670 191 4726 ottonis
212 4673 372 4730 venerandi
385 4674 641 4746 Babenbergensis
654 4675 786 4749 episcopi
809 4674 901 4732 fldem
956 4676 994 4735 de
1009 4679 1143 4735 Adventu
1158 4675 1281 4749 Spiritus
1293 4677 1333 4743 S.,
1349 4676 1387 4731 da
1399 4675 1505 4746 vigiliis
1516 4680 1544 4731 et
1554 4673 1694 4732 natalitiis
1709 4689 1780 4745 apo·

77 4756 183 4815 Christi
198 4775 233 4816 ac
243 4748 396 4833 baptisma
422 4763 550 4835 suscepit
572 4763 626 4818 sub
649 4763 781 4836 principe
796 4778 901 4820 eorum
956 4767 1100 4823 stolorum
1116 4765 1279 4821 stallorum
1295 4771 1451 4836 martyrum
1464 4770 1493 4820 ct
1507 4768 1690 4819 sanctorum.
1702 4784 1716 4811 «
1731 4763 1780 4816 Sa·

77 4846 902 4924 wartizlavo,communiseorumdemprincipumelectio
956 4859 1144 4911 crosanctam
1161 4850 1429 4922 Quadragesimam
1438 4851 1568 4923 jejuniis,
1581 4849 1697 4920 vigiliis,
1708 4848 1781 4905 elee-

75 4940 105 4990 et
119 4934 234 4992 domini
246 4953 331 5011 papae
341 4939 499 4996 innocentii
511 4940 697 4996 consecratio
707 4938 902 5014 mequamvis
957 4940 1125 5015 mosyuiset
1135 4938 1708 5010 orationibusdiligentissimeobservare
1720 4942 1781 4994 stu·

76 5023 236 5094 indignum
250 5027 384 5099 primum
397 5028 579 5086 Pomeraniae
592 5029 720 5102 proelecit
733 5028 902 5102 episcopum
956 5030 1064 5088 deant:
1079 5051 1093 5083 a
1109 5029 1219 5101 quibus
1234 5027 1367 5087 Selridus
1382 5028 1472 5083 etiam
1488 5029 1621 5094 Quatuor
1634 5029 1781 5101 Tempora

78 5111 566 5186 subapostolicreconlirmationis
580 5123 724 5174 testato.»
957 5120 1051 5178 addit.

113 5203 200 5261 ttulit.
217 5205 341 5262 Wcllino
357 5220 409 5261 seu
422 5207 521 5263 Juliua
543 5205 668 5276 digressi
683 5207 752 5264 novi
774 5205 902 5279 apostoli
993 5209 1064 5274 Qum
1081 5210 1252 5280 sequentur,
1275 5205 1305 5261 in
1321 5203 1438 5263 Selrido
1450 5204 1572 5271 omissa,
1586 5205 1661 5262 ritus
1683 5203 1781 5278 bapti·

77 5291 248 5349 Dordouam
262 5295 303 5352 ibi
318 5296 347 5352 in
360 5296 506 5353 honoram
518 5297 545 5353 S.
558 5296 653 5354 crucis
663 5296 813 5367 insignem
824 5295 902 5352 basi·
957 5297 1014 5354 smi
1028 5302 1099 5352 tunc
1126 5294 1267 5367 temperis
1288 5295 1413 5351 usitatos
1435 5297 1627 5353 concernunt.
1651 5293 1781 5351 insanus

77 5383 168 5440 licam
183 5389 410 5442 construxerunt
423 5393 450 5442 et
465 5386 617 5457 baptizatis
639 5385 744 5442 incolis
767 5384 900 5442 cotobre·
956 5401 1028 5442 suos
1038 5385 1068 5440 iu
1083 5381 1215 5441 sabbato
1227 5386 1328 5441 sancto
1344 5383 1460 5440 Paschae
1472 5388 1500 5439 et
1512 5384 1696 5439 Pentecostes
1711 5396 1780 5437 cum

115 5561 172 5633 (97)
183 5563 370 5635 Dregericcd.
387 5561 505 5635 diplom.
521 5561 617 5630 Pom,
636 5578 664 5633 p.
679 5562 706 5616 t.
991 5562 1048 5634 (98)
1069 5562 1135 5617 Loc.
1149 5560 1210 5628 cit,
1221 5577 1249 5633 p.
1263 5561 1289 5616 3.
