3884 6050
7 332 72 406 ser
611 316 659 398 ba
678 303 826 397 nemas.
848 314 968 397 austu.
992 298 1111 396 bibra
1661 294 1720 389 et

7 480 39 532 et
53 473 180 547 portam
187 469 322 544 ejusdem
331 458 379 527 liei
386 474 414 526 el
420 467 639 527 Domininostri
646 468 716 524 lesu
722 464 838 534 Christi,
855 474 880 533 Α
894 465 1076 524 celebritatis
1091 463 1244 523 hodierna
1251 461 1385 521 materia,
1398 462 1721 537 Etideoquambonnm

8 563 62 620 cui
73 560 164 619 simul
183 575 253 617 cum
261 559 387 619 Patraet
405 557 516 632 Spiritu
540 562 645 615 saneto
655 557 692 612 sit
700 556 793 613 decus
812 562 841 613 et
894 551 1721 630 etquamJucuudnm,quamdignumquamquejustissi-

8 652 120 724 gloria,
133 650 199 707 laus
213 648 412 719 etgratiarum
427 648 516 716 actio,
531 652 560 703 et
573 661 648 709 nunc
667 649 697 702 et
710 660 838 718 semper,
895 662 970 701 mum
990 650 1034 701 est
1062 650 1100 709 ut,
1116 643 1146 699 in
1170 642 1362 699 translatione
1382 643 1460 699 sacri
1474 643 1617 715 eorporis,
1638 640 1722 718 omni

7 746 40 799 at
59 738 206 796 insaecula
218 736 408 794 saeculorum.
433 737 536 793 Amen.
557 735 624 791 llaec
638 733 729 805 igitur
750 749 841 790 saara
895 733 1027 807 tripudio
1040 733 1167 804 gaudeat
1188 730 1273 804 plebs
1297 730 1404 787 deuota
1431 730 1576 796 fidelium,
1595 729 1642 785 eui
1659 745 1720 785 non

7 824 840 904 hujussolemnitatisestaausa‚baeevenerandaeunetia
894 822 1017 880 dubium
1027 818 1719 890 estcongratulariexarcitumetiamangelorum.

1668 996 1717 1010 Ἀ

682 1150 1054 1260 NARRATIO

318 1382 364 1438 DE
383 1379 670 1440 consecrabimus
689 1379 733 1436 ET
753 1379 983 1437 uaulcatloua
1007 1377 1181 1439 ecelesia
1202 1378 1420 1441 CASINENSIS.

808 1572 933 1615 AUCTOR!

658 1734 803 1811 LEONE
825 1736 1082 1813 MARSIGANO

585 1942 753 2016 (llurmorn,
768 1944 878 2016 Seript.
891 1946 977 2018 Ital,
992 1949 1013 2003 t.
1028 1948 1061 2018 V,
1076 1948 1173 2019 pit.)

46 2259 154 2330 opere
161 2255 285 2329 pretium
292 2255 364 2314 mihi
374 2255 501 2321 ridetur,
509 2254 547 2312 ad
553 2253 843 2327 laudemetgloriam
858 2260 880 2319 B
898 2257 977 2314 simo
991 2255 1071 2313 beati
1085 2255 1179 2313 Patris
1187 2254 1335 2313 Benedicti
1350 2257 1484 2330 eorporis
1490 2257 1630 2314 thesauro
1643 2256 1727 2315 inde·

5 2346 223 2419 omnipotentis
233 2343 295 2412 liei,
311 2343 635 2418 qualiterbuJ'ussanati
647 2348 676 2400 et
690 2344 844 2401 venerabi·
897 2351 1115 2412 censerat,n0n
1131 2344 1194 2401 sine
1208 2344 1727 2419 divinoinstinetnanimumadjecit,

5 2437 45 2493 lis
63 2434 191 2491 eoenobii
206 2449 286 2494 nora
297 2432 432 2499 ecclesia,
444 2448 542 2507 quove
560 2431 746 2505 temporerel
758 2434 844 2506 aqui·
897 2450 966 2508 qua
977 2434 1120 2505 videlieet,
1131 2433 1472 2507 utcompendioloqnar,
1487 2450 1567 2491 anno
1583 2434 1622 2491 ab
1632 2436 1728 2492 lnear-

5 2524 72 2582 bus
88 2521 367 2595 personisfunditns
385 2526 537 2584 renovata,
554 2521 845 2579 constructaetdedi·
898 2522 1019 2579 natione
1036 2520 1150 2579 Domini
1174 2522 1334 2578 millesimo
1349 2524 1531 2596 sexagesimo
1546 2530 1629 2579 sexto
1645 2523 1729 2581 omni

5 2618 83 2670 cata
94 2611 181 2681 sit,ad
190 2616 377 2683 posterorum
389 2609 678 2668 memoriamlitteris
692 2617 844 2684 utcunque
898 2612 964 2667 nisu
980 2616 1009 2668 et
1021 2611 1120 2667 studio
1132 2611 1280 2667 adificare
1293 2618 1389 2683 empta
1402 2627 1471 2668 cum
1485 2612 1559 2668 atrio
1573 2618 1602 2669 et
1611 2613 1728 2686 portici-

7 2700 173 2758 mandare.
191 2700 273 2758 Sicut
298 2700 378 2757 enim
393 2698 561 2756 detestandi
575 2705 646 2756 sunt
657 2700 710 2771 qui
725 2715 761 2756 aa
775 2714 844 2772 qrrm
898 2698 956 2755 bus
969 2699 1040 2767 suis,
1051 2699 1375 2773 inquinqueannornm
1388 2699 1728 2773 spatioomniestgloria

6 2793 165 2848 noverunt
179 2788 315 2857 celanda,
326 2787 845 2857 revelant,itaniehilominusingrali
899 2793 927 2844 et
941 2788 1049 2845 decore
1065 2788 1303 2863 periectat'ujus
1318 2788 1441 2861 quidem
1453 2788 1610 2845 columnas
1621 2805 1726 2846 omnes

6 2877 151 2951 suntqui
166 2892 280 2949 eaquae
293 2875 457 2934 multorum
481 2874 670 2933 redilicationi
687 2875 844 2947 profutura
899 2874 1464 2949 universosqueparimentilapidesab
1481 2876 1553 2932 urbe
1569 2877 1728 2933 Romame·

4 2964 219 3041 providerint,
236 2964 343 3021 celant.
358 2967 391 3021 Et
405 2964 544 3038 quamvis
557 2979 618 3023 non
629 2965 704 3020 sicut
729 2963 847 3021 decebit
899 2981 957 3038 gno
971 2966 1075 3023 laboro
1090 2970 1118 3022 et
1129 2981 1190 3022 non
1206 2965 1399 3039 parvopretio
1406 2968 1553 3031 convexit,
1568 2966 1727 3040 ipsamque

3 3057 40 3114 id
57 3070 202 3113 enarrare
214 3070 263 3111 me
279 3070 367 3127 posse
376 3053 540 3123 confidam,
551 3053 657 3110 melius
672 3059 774 3112 tamen
788 3055 846 3112 bac
899 3055 1055 3114 ecelesiam
1061 3054 1453 3128 mirificisoperibusetpene
1467 3057 1651 3129 temporibus
1663 3057 1726 3112 istis

7 3161 87 3203 mea
100 3144 248 3217 imperitia
256 3143 359 3217 aliquo
371 3142 463 3200 modo
469 3142 843 3216 putoscribendum,quam
899 3143 1071 3215 incognitis,
1087 3143 1249 3202 artificibus
1265 3161 1304 3202 ex
1317 3144 1440 3202 dirersis
1454 3144 1536 3201 orbis
1551 3145 1686 3218 partibus
1700 3150 1728 3202 el

3 3235 49 3293 ad
73 3247 268 3306 nonparrum
280 3237 418 3290 nostrum
428 3230 560 3288 dedecus
583 3230 733 3289 scribendi
754 3231 846 3304 negli-
900 3232 937 3291 ab
951 3233 1016 3306 ipsa
1030 3249 1146 3307 quoque
1158 3233 1239 3304 regia
1249 3232 1323 3289 urbe
1333 3232 1588 3306 Constantinopoli
1597 3233 1728 3290 maximo

3 3321 119 3396 gentia
132 3319 329 3377 reticendum.
899 3337 957 3378 mre
971 3321 1138 3389 conductis,
1149 3320 1358 3378 decentissime
1373 3321 1531 3379 decoravit.

45 3413 129 3469 Cum
141 3408 231 3480 igitur
245 3407 423 3465 sanctissimi
431 3412 460 3464 et
467 3406 565 3464 eximii
578 3406 677 3466 Patris
692 3407 786 3464 nostri
796 3409 846 3465 Be·
935 3409 1099 3467 Parietibus
1113 3416 1212 3467 autem
1228 3410 1258 3465 in
1273 3410 1393 3466 circuitu
1402 3410 1667 3482 pulchraeolcrum
1678 3427 1728 3469 va·

3 3496 473 3569 nedictiiubocejusvenerabili
490 3494 843 3565 monasteriocasinensi,
899 3500 1002 3556 rietate
1028 3499 1160 3572 depictis,
1175 3499 1322 3565 absidam,
1348 3503 1376 3554 et
1403 3515 1506 3556 arcum
1527 3502 1683 3574 majorem,
1701 3507 1730 3558 et

2 3586 100 3663 quod
113 3586 178 3658 ipsa
192 3585 348 3659 quondam
363 3592 491 3652 suenus,
507 3587 566 3642 lieo
580 3585 657 3641 duce
671 3589 700 3641 et
718 3584 884 3685 lantonae
899 3588 1008 3644 atrium
1016 3587 1729 3660 musivopretiosissimoadornavit.Pavimentum

2 3672 550 3752 primumconstrurerat,reuarandae
558 3672 845 3732 memoriaedomnus
899 3692 968 3734 varo
979 3678 1070 3735 totius
1084 3677 1310 3734 eeclesimtanta
1324 3682 1447 3751 tamque
1462 3677 1587 3734 mirifica
1613 3683 1641 3735 el
1654 3695 1728 3750 pene

4 3763 197 3834 Desiderius,
212 3761 846 3835 septimusettrieesimussuccessor,divina
900 3763 1342 3835 imellabilieaesorumlapidum
1354 3764 1524 3821 diversitate
1539 3765 1680 3831 distinxit,
1697 3770 1729 3823 nt

3 3851 216 3927 dispositione
227 3851 479 3922 ordinatusjesset,
491 3850 755 3922 omnipotentilleo
768 3851 846 3907 adeo
901 3869 960 3910 non
974 3853 1130 3924 lapidibus,
1156 3851 1208 3908 sed
1229 3851 1353 3909 floribus
1376 3853 1475 3909 solum
1487 3868 1611 3909 vernare
1630 3858 1726 3925 putes.

3 3941 287 4001 charusexstitilac
299 3940 471 4007 devotus,ut
486 3937 720 4011 quodsubfideli
730 3937 845 3995 lamulo
901 3944 974 4008 Quae
987 3940 1090 3997 omnia
1100 3939 1191 3995 rideri
1207 3938 1329 4011 quidem
1344 3944 1373 3996 et
1387 3940 1540 4007 admirari,
1556 3947 1589 3998 ut
1602 3942 1728 4013 dignum

2 4029 252 4090 Benediotoolim
262 4031 450 4102 promiserat,
463 4026 775 4099 videlieetquodlocus
784 4027 844 4093 bie,
901 4026 1731 4102 tamenest,eomprehendirixabaliquopossuntouan-

2 4117 515 4195 quamtuucgentibusrastandum
524 4115 847 4189 diripiendumquetra·
903 4121 1015 4176 blatam
1031 4124 1132 4174 autem
1147 4117 1235 4188 ipsius
1258 4116 1400 4182 ecclesiae,
1424 4126 1453 4174 et
1466 4118 1650 4191 qualitatem,
1677 4135 1731 4176 sen

8 4235 16 4259 ·
27 4224 87 4267 era
95 4212 260 4273 censuerat,
272 4205 303 4262 in
314 4207 560 4279 majoremquam
572 4209 709 4261 tuneerat
723 4209 845 4269 statum,
902 4211 1093 4277 ornamenta,
1106 4203 1379 4277 quoniamnoniuit
1388 4206 1446 4261 mei
1458 4206 1599 4278 propositi
1609 4222 1647 4263 ex
1659 4208 1732 4263 inte·

24 4339 26 4343 ,
49 4323 69 4346 ι·
81 4311 134 4354 am
145 4300 175 4351 et
183 4294 309 4367 gloriam
323 4300 465 4354 venturus
475 4300 562 4359 esset,
569 4298 685 4351 constat
697 4293 798 4351 abhoc
804 4294 849 4350 in·
903 4295 995 4366 grain
1009 4294 1066 4353 boe
1076 4308 1210 4350 sermone
1224 4293 1399 4360 describere,
1413 4300 1441 4350 et
1455 4294 1513 4350 alio
1526 4294 1592 4351 loco
1605 4311 1673 4351 eum
1689 4311 1733 4352 ra·

22 4385 122 4446 hoari
136 4389 165 4441 et
176 4384 278 4456 perlici
293 4382 431 4452 voluisse,
446 4383 493 4440 cui
515 4387 628 4439 mutam
646 4398 705 4438 auoe
731 4382 848 4455 pietatis
903 4384 992 4457 liquis
1006 4384 1143 4456 operibus
1157 4382 1288 4455 praedicti
1301 4381 1405 4439 domni
1430 4382 1544 4440 abbatis
1559 4383 1656 4449 latius,
1673 4384 1731 4440 Deo

1 4475 146 4550 gratiam
162 4473 274 4530 meritis
288 4473 387 4532 Patris
396 4472 545 4528 Benedicti
559 4472 716 4538 concessit,
733 4471 849 4529 utinter
903 4472 1029 4537 volente,
1042 4471 1233 4540 comiterita,
1247 4470 1426 4542 pandentur,
1441 4471 1471 4527 id
1492 4476 1607 4528 tantum
1623 4478 1734 4544 quanta

0 4562 219 4624 rerooissimas
230 4562 621 4631 Nortbmannorumgantes,
635 4575 768 4631 quancn
779 4565 849 4616 anta
903 4560 1733 4634 gloriaquautaquairequantiasitconsecrata,pr0posse

10 4682 30 4706 ..
42 4648 525 4722 ultosannosfiuitimasquasque
537 4654 566 4704 et
582 4647 739 4718 contiguas
755 4652 848 4705 terras
904 4650 1043 4706 narrabo.

8 4743 251 4814 ocupaverant
262 4745 323 4796 lam
336 4737 690 4811 pacificatamquequletc
704 4737 850 4793 consiste.
941 4719 1125 4777 Veneranda
1133 4720 1286 4778 memoria
1297 4720 1428 4777 domnus
1439 4719 1608 4779 Alexander
1617 4721 1641 4776 ll
1657 4737 1733 4795 papa

0 4862 2 4885 ,
20 4841 68 4900 02,
90 4837 120 4886 m
134 4844 195 4886 Μ
210 4827 308 4884 ,olum
321 4825 776 4891 medj00f03v5r1‚vefumefiflm
789 4825 848 4898 ipsi
902 4814 1216 4881 eotemporesanctam
1223 4809 1561 4867 itomanamllcelesiam
1577 4811 1732 4883 sapientis-

9 4953 11 4956 .
28 4935 125 4980 rum
138 4918 286 4991 principe,
297 4915 439 4986 aogduoe,
453 4914 579 4971 libenter
590 4914 617 4971 ej
629 4913 760 4984 obedire,
770 4914 849 4986 ejus.
903 4899 978 4954 sime
991 4902 1020 4953 et
1030 4896 1252 4967 religiosissima
1266 4896 1462 4966 gubernabat.
1474 4898 1557 4954 Hunc
1566 4914 1638 4969 ergo
1651 4900 1731 4956 dom·

6 5043 14 5065 ,
62 5037 71 5059 ,,
93 5007 308 5065 mmmmm„
322 5006 405 5062 afim
417 5019 508 5077 quam
524 5004 570 5061 ,ui
583 5004 675 5078 paui,
688 5018 723 5060 ω
734 5003 848 5060 domini
864 4986 888 5044 ll
903 5002 960 5043 uus
971 4986 1074 5052 abbas,
1090 4984 1265 5054 utdecebat,
1278 4984 1489 5043 devotissimus
1503 4986 1586 5053 adiit,
1602 5002 1733 5061 eumque

13 5091 649 5169 nomnibu,pfflmtudmnpnuflugqu,
660 5092 849 5165 orreumqua.
904 5081 937 5132 ut
945 5074 986 5132 ad
1007 5079 1097 5131 tantm
1112 5073 1244 5132 eeclesiae
1260 5076 1517 5132 consecrationem
1532 5076 1674 5133 accedere
1691 5077 1735 5133 di·

4 5221 12 5245 ‚
34 5207 74 5247 ,Θ
92 5185 279 5245 manentium
290 5189 370 5241 Μ
381 5181 496 5256 quinon
508 5180 706 5254 ,jammam
719 5185 748 5237 ει
759 5179 849 5238 ΜΗΘ.
903 5168 1053 5236 gnaretur,
1067 5164 1170 5220 orarit.
1186 5163 1249 5229 Quo
1262 5161 1410 5228 velociter,
1427 5169 1526 5237 utpote
1549 5167 1735 5239 praecunctis

8 5269 693 5343 alentiamdesideraretlntaliigiturpaoeaa
706 5270 848 5343 tranquil·
903 5256 930 5311 01
942 5252 1129 5319 fafflififlfifflr
1142 5251 1308 5351 impelli&
1323 5252 1533 5311 [ldebfflssduffl
1552 5271 1675 5330 ‘imque
1690 5271 1735 5313 Μ·

11 5362 254 5431 'rareuivrnrrus
268 5362 455 5424 constitutus,
482 5362 550 5431 post
574 5356 737 5415 nonnullas
757 5357 848 5429 hujus
903 5344 1125 5407 chidiaconum
1153 5357 1188 5398 sc
1215 5340 1345 5413 reliquos
1361 5342 1517 5401 Romanos
1542 5344 1697 5417 episcopos
1708 5349 1738 5403 et

5 5455 114 5519 moti
129 5449 259 5510 amnobii
274 5466 293 5507 a
321 5464 353 5506 se
367 5445 507 5506 nobiliter
521 5446 684 5505 aedificatas
712 5445 848 5504 officinas
903 5432 1068 5491 cardinales
1082 5430 1302 5489 officiosissime
1313 5429 1457 5489 invitavit.
1466 5432 1618 5506 Optimum
1633 5441 1736 5492 autem

5 5556 109 5622 :tque
124 5543 323 5606 consu-uem,
340 5537 462 5595 tandm
476 5534 686 5609 aliquanmd
705 5549 849 5591 mom.
903 5523 1016 5581 mihiel
1027 5537 1088 5578 nou
1099 5516 1352 5577 contemnendum
1367 5517 1623 5592 ridetur,nomina
1638 5527 1666 5579 et
1682 5538 1736 5580 nu·

6 5666 14 5690 .
28 5650 92 5694 um
106 5649 126 5690 a
142 5630 344 5687 fundamentis
355 5626 523 5693 ecelesiam,
546 5641 610 5697 quse
629 5639 733 5681 revera
746 5626 774 5679 et
787 5637 849 5679 ere·
903 5629 1022 5672 merum
1036 5612 1244 5683 episcoporum
1257 5611 1479 5680 almagnatium
1492 5611 1607 5685 aliquot
1618 5612 1670 5684 qui
1683 5610 1735 5668 ad·

1 5720 116 5796 acenti
128 5721 160 5780 iu
172 5718 237 5778 dies
249 5716 376 5777 iratrum
390 5729 527 5783 numero,
541 5728 637 5795 parva
657 5717 688 5774 at
699 5711 850 5791 pretiosis·
903 5704 986 5764 luera
1000 5705 1083 5779 (oum
1097 5698 1252 5759 universos
1266 5713 1326 5758 non
1340 5697 1381 5776 sit
1391 5697 1477 5758 facile
1502 5698 1662 5772 reminisci)
1672 5713 1735 5762 me·
