3884 6050
753 264 909 325 sonuum
926 258 1074 319 seusus
1093 261 1125 319 s,
1143 221 1323 322 raunolus

525 394 804 520 INCIPIT
844 384 1153 510 TERCIUS
1195 387 1541 513 EIUSDEM.

223 620 249 678 t.
269 614 386 693 [Siara]
396 615 480 672 Anno
493 610 611 670 Domini
626 613 687 668 999.
711 605 838 665 ilenrico
850 616 920 678 rege
935 614 1011 658 nou·
1025 598 1049 655 Α
1065 601 1134 669 ruit,
1149 616 1279 676 eumque
1292 603 1388 660 verbis
1406 601 1587 660 terribilibus
1601 598 1761 672 increpans
1773 600 1803 656 et
1815 597 1895 656 acri·

187 708 262 765 dum
271 703 419 778 imperiali
428 700 633 760 benedictione
653 698 764 770 adepta
778 699 907 762 mortuo,
931 689 1011 747 filius
1066 687 1481 762 busverberibusllagellaus,
1493 685 1894 759 contiuuodisparuitdivigi·

187 797 254 869 eius
268 797 345 865 Otto,
360 786 755 866 primusbujusnominis,in
767 798 869 855 regem
881 779 1013 836 Aleman-
1066 779 1133 837 lans
1146 795 1219 850 ergo
1231 796 1410 855 epyscopus,
1424 780 1573 837 concitata
1587 777 1666 836 adse
1681 776 1801 844 tamilla,
1818 775 1893 850 quid

187 885 237 943 ule
249 882 393 949 succedit
410 885 439 939 et
450 878 538 937 annis
551 880 587 935 24
596 881 665 934 ante
676 871 915 932 benedictionem
928 883 1011 924 suam
1066 869 1125 926 sibi
1138 870 1168 926 iu
1180 868 1292 927 vialone
1306 868 1454 938 acciderit,
1480 866 1640 935 enarravit,
1669 866 1777 939 suique
1802 869 1893 922 testes

187 973 220 1031 in
232 973 443 1047 imperatorem
453 967 574 1025 feliciter
585 967 689 1035 regnat
702 963 765 1030 (an.
780 959 854 1032 938).
864 961 922 1015 lete
934 958 1010 1019 Otto,
1066 957 1213 1015 sermonis
1223 957 1464 1031 nudatocorpore
1476 955 1608 1014 ostendit
1619 953 1894 1028 plagarnmttvores

187 1061 343 1121 meliorato
361 1058 445 1130 regni
462 1060 491 1114 et
504 1055 626 1113 ecclesie
650 1068 704 1126 per
718 1066 805 1107 suam
834 1045 1012 1105 industriam
1067 1063 1135 1105 cum
1153 1046 1384 1104 tumorecarnis.
1397 1043 1701 1103 Missoveroceleriter
1712 1042 1829 1114 anullo,
1841 1042 1894 1099 ab·

188 1155 276 1217 statu,
290 1145 512 1206 duasecclesias
525 1142 671 1201 inbeodio
681 1157 700 1197 a
710 1136 890 1197 Normanuis
901 1135 1014 1190 destru-
1066 1131 1790 1209 basadepyscopumrogatusrepedat‚etinjurias
1796 1131 1894 1190 illatas

188 1243 251 1297 clas
263 1234 505 1307 monasteriaque
518 1231 670 1290 reedificat
688 1233 717 1285 et
732 1230 886 1285 restaurat.
1066 1223 1389 1297 benigneremittit.Cui
1401 1240 1569 1298 epyscopus
1583 1221 1767 1281 auritiumin
1777 1221 1896 1279 univer·
1940 1236 1941 1249 ¹

223 1333 251 1386 2.
266 1330 352 1382 anno
368 1323 504 1396 ejusdem
523 1319 656 1378 secando
671 1317 717 1374 vel
735 1315 824 1391 quasi
840 1314 927 1386 (939),
960 1310 1014 1386 qui
1067 1314 1108 1371 sis
1122 1313 1249 1385 negotiis
1266 1330 1298 1371 se
1316 1314 1509 1387 prestiturum
1524 1311 1671 1386 quamdiu
1696 1311 1897 1386 superviveret
1940 1308 1941 1317 ’

187 1409 559 1473 luitanuusamouasterii
568 1408 659 1481 hujus
669 1404 875 1462 devastatione
883 1404 1014 1476 perNor·
1067 1401 1530 1476 firmapromissIoneprofitetur,
1538 1402 1636 1475 sicque
1647 1400 1739 1473 gratie
1749 1398 1897 1474 epyscopi

187 1518 318 1561 mannos
330 1501 409 1558 iacta
421 1503 455 1556 45
466 1498 552 1572 (est),
564 1496 697 1571 prelatus
707 1509 769 1559 rex,
782 1490 949 1550 secundum
964 1504 1015 1546 an·
1069 1490 1232 1559 restitutus,
1248 1491 1415 1548 innomine
1431 1489 1567 1562 gaudens
1582 1490 1621 1546 ad
1636 1488 1760 1562 propria
1773 1488 1860 1545 redit.

187 1590 343 1665 tiquorum
356 1589 542 1653 relationem,
562 1601 614 1660 pro
638 1581 839 1658 exsequendis
861 1577 946 1652 regni
965 1593 1016 1633 ne·
1105 1584 1131 1637 b.
1148 1581 1235 1637 Anno
1249 1579 1384 1653 sequenti
1397 1576 1660 1653 (9³8)veuerabitis
1676 1582 1810 1634 matrona
1837 1574 1898 1633 liu·

187 1679 276 1753 gotila
286 1678 405 1751 opidum
420 1675 520 1732 Sancti
528 1673 686 1739 Trudonis,
695 1677 727 1729 ut
741 1668 912 1744 pranderet,
926 1667 1017 1724 iutra·
1070 1667 1219 1739 echliuda,
1228 1663 1897 1740 malesdomniuayneriabbstis,quiddamtle

188 1762 648 1836 vit.Cumautsmtaotoprandio
661 1775 835 1818 recessurus
850 1758 880 1814 in
895 1754 1016 1829 hospitii
1071 1753 1895 1814 suabereditatehulcmonasteriosubformatestamenti

189 1855 306 1913 sollario
324 1871 393 1911 cum
409 1854 468 1910 suis
484 1850 657 1925 prtmatibus
667 1853 766 1916 staret,
782 1846 910 1921 respexit
924 1844 1016 1902 alon·
1070 1845 1230 1920 conscripti
1244 1845 1379 1910 contulit,
1393 1843 1473 1901 unde
1486 1848 1567 1901 carte
1576 1842 1624 1899 vel
1637 1843 1721 1916 copie
1735 1842 1768 1899 iu
1786 1841 1896 1898 nostris

189 1960 226 2018 ge
241 1944 412 2019 prominere
424 1942 516 2014 hujus
525 1938 699 1998 monasterii
711 1936 859 1994 devastati
873 1950 978 1992 muros
986 1932 1016 1990 vi
1032 1928 1054 1984 B
1070 1933 1365 2000 archirisbabentur,
1379 1948 1508 2007 quorum
1524 1936 1609 1989 tenor
1628 1930 1694 1989 talis
1709 1934 1755 1988 est
1771 1946 1777 1987 :
1793 1930 1896 1988 Notum

188 2033 266 2104 ignis
275 2030 480 2089 miserabiliter
486 2034 601 2101 ruptos,
609 2026 795 2099 virentiaque
801 2038 954 2081 ramorum
963 2038 1016 2096 per
1068 2024 1106 2079 sit
1119 2023 1243 2079 omnibns
1254 2029 1349 2079 sancte
1360 2023 1414 2078 Det
1424 2022 1538 2078 ecclesie
1548 2020 1683 2094 fidelibus,
1698 2020 1776 2092 quic,
1791 2019 1818 2075 si
1838 2018 1895 2077 cii·

189 2120 403 2194 amplitudines
410 2118 608 2175 fenestrarum
618 2115 686 2172 sein
696 2114 790 2171 altum
801 2112 956 2177 extollere;
969 2126 1014 2166 re·
1069 2111 1135 2183 qaid
1153 2111 1187 2166 de
1200 2110 1282 2167 rebus
1292 2111 1419 2183 propriis
1432 2109 1468 2165 ad
1483 2111 1542 2166 loca
1553 2115 1709 2167 sanctorem
1729 2107 1896 2177 conferimus

190 2208 313 2285 quisivit
326 2222 398 2277 ergo
408 2205 479 2279 quid
492 2204 547 2260 bac
557 2204 679 2260 ruinosa
692 2202 837 2274 parietum
853 2199 1016 2273 proceritas
1069 2199 1101 2255 eb
1115 2199 1162 2255 boc
1175 2200 1275 2272 procat
1283 2199 1362 2255 dabie
1377 2200 1504 2256 bravium
1516 2197 1770 2256 immarcessibiles
1780 2196 1895 2253 Domino

190 2295 345 2355 iudIcaret.
355 2294 486 2352 Caicum
499 2307 678 2366 responsum
690 2287 1016 2358 esset,boodesolatum
1069 2287 1238 2344 retributore
1252 2288 1374 2359 recepere
1394 2294 1456 2360 post
1468 2291 1567 2344 metam
1580 2288 1662 2358 bajas
1675 2286 1732 2343 cite
1753 2301 1801 2342 aas
1815 2285 1896 2357 coafi-

190 2383 395 2460 spcctaculum
402 2379 952 2440 condamcenobiumtuissetamosum
964 2375 1015 2434 sed
1070 2376 1169 2434 dimus.
1186 2376 1359 2449 Quapropter
1368 2394 1414 2448 eqo
1429 2376 1458 2432 in
1469 2377 1577 2433 momine
1596 2374 1648 2432 Dei
1671 2374 1837 2431 liseebtimdc
1850 2373 1898 2430 de-

190 2489 245 2549 per
256 2475 499 2532 Normannorum
507 2469 635 2536 rabiem,
645 2473 734 2542 prout
748 2466 904 2540 aspiceret,
920 2465 959 2523 ad
974 2464 1017 2521 ni-
1070 2465 1170 2520 matria
1183 2464 1315 2521 donatam
1331 2467 1538 2538 ereperpemam
1553 2481 1608 2521 esse
1628 2464 1690 2520 mio
1709 2462 1745 2519 cd
1766 2469 1898 2520 masmae

192 2552 1017 2629 chilumesseredactumpaucosqneInibimonachosex
1072 2554 1146 2609 riam
1159 2554 1251 2609 saneti
1272 2553 1560 2626 brecanammere
1584 2558 1767 2609 constructam
1790 2551 1820 2606 irs
1839 2551 1899 2608 ioco

190 2645 605 2714 victuteuuilleoservientes,
618 2643 729 2701 abbate
740 2643 806 2715 iam
818 2640 1018 2699 demediosu·
1071 2649 1246 2714 namapemte
1267 2641 1396 2699 Sarcinia
1415 2658 1499 2715 saper
1518 2644 1635 2713 tmuium
1657 2640 1841 2714 cysindriam,
1865 2641 1897 2695 ia

189 2737 285 2803 blato,
297 2734 450 2794 desolatos
465 2736 623 2801 exsistere3
637 2737 708 2789 tuuc
722 2748 774 2789 rex
792 2731 860 2804 plus
878 2729 1016 2800 ingemis·
1070 2747 1139 2804 papa
1152 2730 1349 2796 Hcsbcaicmi,
1360 2732 1408 2786 sebi
1423 2731 1480 2801 ipse
1500 2732 1637 2802 pretiosus
1648 2729 1752 2788 cbristi
1762 2730 1899 2800 confusor

191 2842 272 2899 cens,
286 2822 460 2883 convocatis
472 2820 684 2892 iratribus,sibi
699 2820 729 2877 in
745 2818 1019 2877 hocconsentienti-
1072 2835 1183 2893 corpore
1193 2823 1273 2875 terras
1290 2821 1449 2893 requiescit,
1463 2827 1490 2877 et
1505 2820 1618 2877 damnas
1642 2822 1791 2891 amamus,
1821 2819 1899 2890 filias

191 2913 364 2981 bus,virum
376 2911 517 2968 devotum
531 2925 568 2966 ex
579 2908 954 2982 ipsisnomInelieynerum
965 2907 1018 2963 ab·
1071 2924 1158 2976 meaa,
1172 2924 1232 2964 eam
1243 2908 1424 2964 multitudine
1436 2909 1630 2965 nmmacboram
1644 2907 1693 2964 sab
1705 2923 1802 2965 aerata
1816 2923 1898 2979 repa·

191 2994 1019 3067 batemconstituit.ouiauxilianterepeoffioinasneces·

192 3091 290 3148 sarias
301 3086 490 3151 restauravit,
508 3083 678 3159 victumque
693 3085 867 3142 atveatitum
877 3082 1018 3140 iratribus

193 3177 374 3236 sufficienter
388 3190 424 3232 ex
439 3179 509 3231 tuna
518 3173 707 3231 ministravit.

1073 2997 1128 3054 tori
1141 2996 1293 3071 dcqsmtium
1308 2997 1489 3073 cbbcpreesse
1508 2997 1627 3054 videtur.
1640 2997 1679 3054 Et
1694 2996 1742 3054 boc
1766 3004 1804 3053 sat
1828 2995 1900 3071 qaod

1072 3087 1202 3159 dosopro
1221 3086 1345 3143 remmio
1355 3087 1445 3143 crime
1462 3103 1529 3153 mee,
1542 3090 1574 3143 ut
1582 3093 1646 3158 post
1660 3104 1767 3143 carram
1788 3102 1899 3159 pressa·

1072 3177 1108 3232 tis
1124 3175 1178 3231 aits
1188 3190 1307 3233 munero
1318 3183 1447 3248 perpetue
1459 3176 1529 3232 tacis
1542 3176 1611 3233 miii
1637 3175 1795 3250 impendere
1807 3176 1900 3248 ἅμα·

220 3271 256 3324 a.
271 3267 340 3322 Post
348 3262 572 3321 defunctionem
586 3262 677 3332 igitur
691 3260 855 3335 supradicti
880 3260 1018 3318 imizonis
1034 3270 1054 3327 c
1073 3268 1130 3336 ter,
1141 3263 1282 3337 mancipia
1293 3264 1351 3320 biis
1365 3265 1535 3335 staminibus,
1552 3264 1727 3323 Eberordam
1740 3271 1765 3321 et
1783 3280 1900 3323 acorem
1940 3285 1941 3290 ¹

193 3353 478 3426 abbausaeynsrus,
489 3366 612 3425 expago
621 3350 816 3407 Hasbanieusi
828 3349 1019 3421 ortus,hnjus

192 3443 252 3501 loci
266 3443 363 3501 abbas
376 3445 577 3507 cousecratur,
586 3445 613 3496 et
622 3443 722 3512 preest
731 3438 818 3496 annis
832 3438 858 3495 s.
876 3437 930 3505 Qui
941 3438 1019 3495 intra

193 3527 1018 3605 bsevetempuscongregatamultitudinemouacborum,

193 3619 384 3678 laudabiliter
397 3617 536 3676 subditos
550 3616 581 3673 in
595 3614 756 3689 disciplina
766 3615 944 3688 *monastica
958 3615 1020 3673 dic·

194 3708 232 3765 tis
242 3712 271 3766 et
281 3707 368 3765 lactis
383 3704 574 3763 innormavit.

230 3799 258 3852 t.
271 3793 505 3870 [Sereeumrdtir.
520 3792 552 3848 S.
570 3789 675 3865 Trud]
689 3791 745 3848 lste
759 3796 860 3850 mmeu
877 3792 1020 3866 'quorun-

195 3878 1019 3953 damadulantiumdatatioaeaccusatusapadedebam·

1072 3367 1154 3410 mam
1168 3369 1228 3408 eam
1240 3352 1394 3423 infantibus
1404 3354 1461 3409 sais
1474 3354 1620 3419 simultis,
1643 3358 1698 3411 etc.
1714 3351 1854 3427 Sequitur
1868 3354 1901 3412 iu

1073 3439 1133 3497 fine
1145 3457 1151 3495 :
1165 3440 1263 3497 Aetam
1278 3440 1477 3497 irsScrcbiemsi
1489 3441 1725 3508 monasteriensi
1738 3441 1818 3498 aies.
1840 3441 1902 3500 lio-

1074 3528 1166 3585 lemdas
1180 3528 1338 3587 Decembris
1347 3546 1423 3587 amno
1437 3537 1568 3604 reqncate
1580 3530 1677 3587 ἀοωηο
1698 3531 1794 3588 Ottcse
1806 3531 1902 3603 primo

1074 3618 1105 3673 im
1116 3618 1284 3674 diemamm'a
1299 3619 1357 3689 (aa.
1371 3621 1446 3691 998).
1460 3618 1548 3677 Incia.
1571 3618 1688 3695 [Stare]
1709 3619 1793 3676 Anao
1813 3621 1902 3691 regni

1075 3705 1189 3763 ottonis
1198 3708 1225 3761 l.
1237 3705 1413 3763 ludovacus
1427 3722 1476 3764 rar
1488 3707 1787 3779 Francieadregnum
1795 3707 1903 3766 botha-

1074 3793 1268 3867 riugie,quod
1279 3794 1406 3852 Karalus
1417 3800 1576 3868 paterenus
1588 3811 1684 3870 nuper
1695 3797 1821 3855 lienrico
1836 3799 1902 3870 regi

1074 3882 1248 3940 Alemannis
1255 3882 1400 3950 dederat,i
1403 3899 1491 3956 psam
1501 3884 1821 3958 ltotharingiemductu
1832 3885 1904 3944 (lbi-

195 3984 277 4050 nem,
289 3965 457 4024 secundum
469 3966 561 4039 hujus
572 3965 703 4023 nominis
714 3966 1020 4041 Mettensemlepysco·
1075 3969 1195 4029 seiberti
1208 3970 1295 4028 ducis
1309 3971 1507 4044 lotharingie,
1513 3974 1561 4046 cuj
1566 3990 1600 4031 us
1606 3990 1681 4031 uxor
1692 3974 1841 4046 Gerberga
1854 3991 1904 4033 so-

196 4072 282 4132 pum,
298 4054 337 4113 ad
351 4070 444 4128 quem
466 4053 647 4126 respiciebat
660 4054 805 4111 medietas
818 4055 903 4127 opidi
923 4054 1020 4126 istius,
1075 4058 1245 4117 rorottonis
1257 4059 1336 4130 ragis
1351 4064 1424 4129 erat,
1432 4061 1540 4119 invasit
1552 4066 1580 4119 et
1590 4077 1684 4137 usque
1694 4061 1838 4121 Alsabam
1852 4078 1904 4120 ve-

196 4141 1022 4217 nullatenuspoteratanimumipsiusepyscopicontrasa
1076 4148 1129 4205 uit.
1145 4147 1231 4215 Quod
1245 4147 1297 4204 ubi
1313 4150 1378 4206 Otto
1396 4164 1447 4206 rex
1472 4155 1653 4224 perceperat,
1678 4151 1903 4223 lotharingiam

197 4231 339 4307 quamvis
346 4232 454 4302 injuste
463 4234 640 4289 commotum
648 4244 701 4306 per
709 4231 945 4290 intercessionem
958 4231 1024 4292 illu·
1077 4235 1207 4303 intravlt,
1222 4238 1251 4291 et
1265 4234 1417 4308 usquead
1431 4237 1651 4310 Caprimontem
1676 4237 1821 4313 pervenit,
1847 4238 1904 4297 sed

198 4322 306 4382 atrium
319 4321 452 4379 virorum
464 4318 594 4393 placare.
609 4318 830 4377 Protestabatur
843 4320 923 4377 enim
942 4319 1022 4377 idem
1077 4326 1182 4394 postea
1194 4322 1356 4378 concordia
1369 4323 1581 4382 interveniente
1594 4324 1773 4383 Ludovvicus
1786 4325 1825 4383 ad
1846 4343 1905 4385 sua

197 4423 368 4485 epyscopus
378 4405 474 4481 ipsum
480 4406 616 4465 abbatem
623 4407 750 4477 gratiam
763 4422 852 4464 suam
866 4422 1024 4480 nunquam
1076 4408 1172 4466 rediit.
1188 4409 1376 4467 Imcid.lluno
1390 4413 1474 4483 regni
1487 4413 1534 4470 sui
1547 4416 1574 4470 b.
1587 4416 1653 4472 Otto
1665 4413 1821 4486 Brisagam
1834 4415 1905 4488 opi·

195 4498 262 4578 iore
275 4496 455 4555 habiturum.
468 4497 644 4554 Cumaatcm
656 4494 753 4552 abbas
764 4496 844 4553 lletis
855 4495 1023 4552 necessario
1038 4483 1062 4539 D
1077 4497 1151 4555 dum
1166 4496 1275 4554 alsatie
1296 4497 1455 4557 obsederat
1474 4500 1512 4558 ad
1533 4502 1771 4576 expugnandum
1798 4501 1903 4560 militis

199 4583 374 4657 compulsus
387 4582 565 4647 devenisset,
581 4588 609 4639 at
633 4581 669 4639 ad
684 4582 868 4656 presentiam
882 4584 1024 4657 epyscopi
1077 4584 1442 4655 evarardietohisetberti,
1455 4589 1694 4648 adversariorum
1708 4607 1835 4663 suorum,
1848 4592 1904 4666 qui

200 4671 321 4728 oblatus
334 4669 446 4737 luisset,
463 4685 517 4743 pro
531 4668 635 4727 humili
648 4668 826 4727 salutatione
839 4687 1024 4743 gravescon·
1077 4673 1441 4748 ipsumoccupavarant.il
1453 4678 1784 4753 quoproceribusregni
1797 4680 1903 4739 animo

201 4755 337 4815 tumelias
350 4771 521 4829 perpessus,
529 4771 599 4813 cum
611 4756 720 4813 rubore
734 4756 820 4814 laciei
834 4759 990 4827 contusus,
1006 4774 1026 4818 a
1077 4763 1296 4821 recedentibus.
1313 4765 1479 4822 Everardus
1491 4782 1591 4823 comes
1605 4768 1715 4841 palacii
1733 4774 1762 4826 et
1790 4769 1904 4829 Gbisel·

200 4844 354 4921 presentia
364 4843 507 4918 epyscopi
522 4858 553 4899 sa
568 4843 725 4901 subtraxit.
751 4845 807 4903 Sed
834 4845 879 4901 vir
908 4848 1024 4906 bomini
1078 4850 1293 4908 bertnscomes
1308 4853 1462 4909 tlannonie
1489 4859 1518 4911 et
1540 4854 1602 4912 dux
1625 4855 1827 4928 lotharingie,
1847 4860 1904 4930 qui

202 4931 417 4992 beatusl'rudo
427 4945 489 4987 non
506 4930 658 4987 sustinens
674 4931 802 5003 injustas
813 4933 889 4989 servi
899 4934 1024 4992 suicon·
1078 4938 1194 5011 pridem
1211 4939 1366 4996 lieuricum
1379 4940 1487 4997 ducem
1495 4941 1638 5012 Bavarre,
1652 4941 1773 5002 tratrem
1787 4945 1905 5004 ottonis

202 5021 337 5081 tumelias
351 5018 513 5096 pervisum
528 5020 755 5093 noctequadam
769 5036 922 5095 epyscopo
933 5039 1025 5099 appa·
1078 5026 1169 5096 regis,
1185 5026 1310 5099 pellacia
1332 5043 1388 5085 sua
1407 5024 1498 5087 tratre
1520 5035 1700 5098 averterant,
1719 5037 1905 5105 congregato

1000 5120 1117 5179 NOTAE.

239 5215 321 5342 (6314
330 5214 359 5272 Si
372 5229 477 5272 revera
491 5229 572 5273 anuo
586 5213 667 5284 regni
679 5215 810 5273 secando
823 5219 889 5275 Otto
900 5218 938 5274 ad
950 5220 1025 5276 San·
1079 5205 1417 5293 euminlotharingiam
1427 5224 1545 5281 venisse
1558 5226 1668 5284 tabulae
1683 5226 1749 5300 ejus
1763 5227 1906 5302 probant.

205 5289 285 5344 ctum

205 5356 246 5413 ab
259 5371 391 5412 eversoa
407 5355 618 5412 Nortbmannis
643 5357 825 5414 monasterio
845 5373 906 5414 nou
921 5362 955 5415 ti
973 5359 1026 5416 sed
1080 5366 1191 5417 auctor.
1207 5363 1243 5416 At
1254 5361 1318 5432 jam
1334 5377 1415 5420 anuo
1428 5367 1479 5421 938
1494 5368 1646 5440 Reyuarus
1659 5373 1786 5442 praeerat
1801 5384 1909 5426 mona·

205 5426 278 5483 anni
291 5429 323 5483 to
336 5424 518 5498 praeterlapsi
528 5432 606 5481 sunt.
622 5429 658 5482 at
669 5427 718 5483 vix
732 5429 802 5483 certi
812 5427 925 5502 ailquid
936 5429 1026 5486 statui
1081 5431 1180 5498 sterio,
1195 5436 1226 5486 ut
1238 5445 1276 5487 ex
1288 5434 1483 5506 sequentibus
1494 5441 1585 5510 patet.
1597 5440 1667 5496 Vide
1682 5455 1775 5514 supra
1789 5439 1909 5498 liudolti

205 5496 345 5623 qotestde
359 5505 492 5570 tempora
503 5495 628 5568 quando
641 5497 791 5572 Ottoapud
805 5498 947 5556 Sanctum
956 5501 1027 5557 tru-
1082 5499 1318 5573 chronologiam.

225 5582 315 5625 onem
330 5570 533 5625 commoratus
545 5566 599 5624 sit:
612 5581 707 5640 neque
721 5582 800 5625 anno
811 5571 862 5625 937
874 5571 1029 5641 nequettt

322 5284 467 5342 rodonem
479 5285 568 5352 venit,
583 5285 603 5342 i.
614 5300 641 5340 e.
653 5300 734 5342 anno
745 5290 796 5344 937
811 5292 862 5343 ant
877 5291 939 5353 998,
955 5289 1026 5346 inde
1080 5290 1203 5347 Facitius
1215 5291 1278 5347 lieri
1293 5296 1405 5361 poterat
1429 5308 1510 5352 auno
1524 5299 1587 5364 999,
1605 5313 1694 5371 quem
1719 5298 1785 5372 ipse
1807 5298 1908 5358 innuit
