3884 6050
227 195 303 259 1383
562 187 776 252 summatis
796 183 969 251 cunulae.
992 184 1082 248 ΜΟΝ.
1104 219 1143 230 -
1163 189 1211 252 un
1230 189 1357 260 Misso
1378 197 1413 259 B.
1435 198 1578 261 MARlAE.
1854 199 1936 264 list

225 322 552 401 seperincantetionem
561 317 1049 388 essedelusameletmalitiasupra·
1065 318 1090 381 Α
1105 319 1265 381 retineatur
1277 327 1307 384 in
1322 328 1448 386 eeclesia
1462 330 1595 403 usquein
1605 332 1720 389 tertiam
1736 331 1837 400 diem,
1850 341 1887 390 ut
1901 335 1937 389 vi

225 416 311 475 dietae
326 412 492 489 pellicisDei
507 414 637 478 llatrem,
650 409 819 484 quoddictu
833 403 1050 481 quoquenelas
1103 406 1207 468 derent
1233 415 1303 486 quid
1329 417 1356 473 ei
1380 417 1536 474 accideret.
1566 420 1648 485 Quod
1675 437 1746 478 cum
1772 421 1935 495 placuisses

225 511 278 572 est,
287 504 327 562 ad
339 503 405 559 baec
418 502 544 558 dicenda
558 504 753 557 contractam.
765 498 869 556 llansit
882 502 982 554 autem
996 494 1049 551 diu
1103 501 1255 569 omnibus,
1271 511 1436 563 matercum
1444 507 1704 580 pueroiuecclesia
1711 511 1831 568 mansit
1842 527 1934 584 usque

223 597 254 651 in
267 593 397 651 Ecclesia
412 596 546 662 stupens,
558 593 587 645 et
599 588 802 659 nesciensque
816 601 847 642 se
859 588 985 641 verteret
1001 583 1049 640 vel
1103 585 1131 641 in
1149 587 1229 646 diem
1239 595 1369 651 tertium.
1385 595 1740 655 Tertiaautemdielacies
1760 600 1853 672 pueri
1860 600 1933 656 ultra

224 681 298 758 quid
312 696 401 753 agere
410 679 545 744 deberet;
559 679 696 750 postboec
706 674 900 746 egrediturab
912 672 1047 740 ecclesia,
1103 674 1222 733 solitum
1232 682 1425 755 resplenduit,
1441 683 1511 741 etin
1523 686 1589 758 ipso
1611 686 1773 759 splendore
1801 688 1874 745 sine
1888 705 1933 745 au

224 777 254 830 et
265 772 296 828 in
311 775 397 843 porta
409 766 499 824 habet
516 766 639 824 obviem
657 764 740 821 illam
756 764 794 820 de
815 778 874 836 qua
896 761 1049 838 loquimur
1102 764 1342 840 gustiaspiritum
1349 771 1506 842 exhalavit,
1519 775 1738 849 complevitque
1745 776 1773 833 ei
1785 777 1931 834 Dominus

224 859 391 934 pelliceam,
401 857 432 914 in
442 856 528 928 cujus
542 859 662 927 aspectu
677 856 830 910 commota
840 850 955 917 mulier,
966 849 1049 906 velut
1102 852 1615 933 quodpromiserat,dansaipanem
1623 863 1802 935 angelorum
1812 881 1932 939 quonu-

223 963 329 1006 amens
340 945 489 1003 exclamat
504 960 512 1012 ;
529 964 543 993 (ι
555 945 576 1000 0
587 941 686 999 infelix
710 940 826 1006 mulier,
851 954 903 995 cur
921 943 954 994 tu
966 937 1047 995 hanc
1102 939 1231 998 iniuntur
1243 948 1474 1005 omnesordines
1496 950 1663 1009 scelestium
1681 953 1834 1010 virtutum
1850 972 1858 1023 ;
1875 971 1931 1010 ces·

224 1037 379 1094 ecclesiam
392 1033 549 1109 praesumis
560 1030 687 1103 ingredi,
707 1046 775 1104 quse
794 1028 867 1085 mibi
881 1027 1047 1101 legitimum
1102 1031 1262 1100 puseolum
1272 1040 1372 1093 autem
1387 1037 1481 1094 sancti
1496 1039 1579 1111 pueri
1592 1039 1669 1098 intra
1683 1040 1831 1098 eamdem
1843 1042 1931 1099 eccle

223 1124 316 1183 tulisti
329 1124 482 1189 maritum,
497 1122 634 1194 etipsam
646 1119 827 1175 Delmatrem
841 1114 1049 1190 praecantatio·
1102 1118 1179 1175 siam
1189 1122 1364 1195 sepelierunt
1377 1127 1416 1184 ad
1425 1126 1582 1185 laudemst
1596 1129 1723 1200 gloriam
1738 1131 1931 1196 Dominilea

223 1214 311 1272 nibus
320 1214 379 1271 tuis
393 1212 470 1269 adeo
485 1210 635 1278 seduxisti,
645 1214 677 1265 ut
684 1207 758 1264 mihi
776 1205 883 1262 dixerit
890 1205 948 1261 bac
961 1207 1048 1260 nocte
1103 1205 1218 1278 Christi,
1233 1214 1288 1268 ato.

224 1307 266 1363 sie
284 1301 513 1362 salutationibus
528 1301 586 1357 tuis
601 1296 751 1361 delectari,
779 1299 813 1352 ut
836 1295 872 1352 de
886 1299 914 1351 te
932 1292 1047 1350 nullam
1420 1303 1533 1362 gqpffl·
1560 1306 1606 1362 w·

223 1393 318 1469 possit
329 1393 426 1449 lacera
435 1388 608 1445 vindictam.
624 1406 639 1440 s
655 1384 802 1442 Peccatrix
814 1387 915 1441 autem
929 1381 1046 1449 mulier,
1138 1386 1171 1441 In
1183 1388 1313 1460 quodam
1322 1393 1504 1450 monasterio
1513 1395 1686 1468 eratimago
1699 1396 1819 1468 Viginis
1829 1414 1927 1471 snpra

224 1497 326 1540 coram
339 1477 526 1537 multitudine
536 1477 668 1533 virorum
677 1490 713 1532 ac
726 1473 881 1530 mulierum
887 1472 929 1528 sic
940 1485 1049 1544 provo·
1102 1472 1188 1531 diotre
1198 1477 1545 1556 ratisbonestedepiota:
1555 1483 1587 1539 ln
1598 1484 1816 1543 eodemautem
1829 1502 1926 1543 mons·

223 1569 378 1635 cata,nibil
389 1567 460 1624 mali
470 1566 588 1641 procaci
603 1562 759 1637 respondit
769 1559 894 1633 mulieri,
914 1560 966 1617 sed
982 1566 1047 1617 tan·
1103 1562 1190 1619 sterio
1202 1570 1265 1623 erat
1278 1567 1401 1639 quidam
1412 1572 1618 1644 munacusqui
1629 1572 1749 1644 jacebat
1763 1574 1795 1629 in
1806 1575 1925 1631 ecclam

224 1667 284 1718 tum
295 1657 419 1715 inturba
429 1655 651 1713 declinareeam
663 1651 776 1717 volens,
787 1648 818 1706 in
830 1649 930 1706 medio
943 1647 1045 1721 populi
1060 1677 1084 1739 B
1102 1661 1301 1712 sacrosanctas
1313 1671 1417 1713 curam
1428 1656 1697 1718 babensborarum
1711 1663 1926 1720 sonandarum

224 1765 290 1807 sese
300 1747 466 1818 ingerebat:
479 1751 508 1802 at
517 1737 1048 1813 contramulieraliapeneluribunda
1103 1739 1238 1806 Quicum
1249 1742 1329 1800 vitiis
1343 1744 1505 1805 deserviret
1514 1747 1658 1821 plurimis,
1669 1750 1879 1808 carnisduxui
1888 1755 1927 1807 de

223 1844 253 1897 et
263 1837 313 1894 vix
325 1836 365 1894 ab
379 1852 416 1893 ea
426 1833 583 1892 confluens
597 1847 716 1902 manus,
729 1829 898 1886 vociferans
914 1828 1048 1899 inseque·
1102 1828 1411 1905 ditus,quaquanocte
1418 1837 1781 1909 monasteriumegressns
1796 1856 1927 1896 cumina

222 1928 313 1985 batur
322 1923 507 1997 eampopulo
521 1927 626 1979 contra
638 1920 788 1976 renitente.
801 1915 920 1973 Turbati
926 1913 1049 1988 presby·
1102 1920 1317 1993 retrice,quam
1332 1924 1482 1995 propriam
1490 1924 1619 1993 tenebat,
1627 1925 1700 1983 dnm
1706 1926 1926 1985 allidormirent

224 2017 278 2077 teri
290 2021 318 2073 el
330 2014 428 2073 clerici
436 2017 604 2078 accurrunt,
618 2025 728 2067 causas
746 2005 884 2064 clamoris
895 2005 1049 2079 inquirunt
1102 2005 1202 2064 illicito
1214 2011 1374 2066 concubitu
1386 2010 1537 2069 defluebat
1550 2012 1872 2073 abominabillslieoct
1882 2018 1926 2074 bc

222 2105 311 2165 refert
323 2104 428 2161 mulier
440 2101 628 2159 omniasicut
639 2096 829 2155 narravimus
849 2099 878 2151 et
900 2095 1047 2150 visionem
1102 2095 1245 2155 minibus.
1260 2099 1336 2155 Dum
1348 2100 1447 2173 itaque
1466 2102 1607 2176 antiquus
1620 2102 1664 2159 sic
1684 2119 1754 2160 eum
1770 2104 1923 2162 deluderet

222 2182 1046 2270 quamvideratsicuteamsupraretulimus:inquirunt;
1100 2183 1365 2244 bostisetnullum
1390 2188 1438 2244 sui
1460 2191 1593 2247 criminis
1616 2190 1737 2250 baberet
1759 2196 1923 2259 conadam,

222 2282 318 2339 clerici
330 2279 518 2353 apeeratrice
528 2274 698 2348 cujusmodi
713 2271 924 2329 salutationem
939 2270 971 2326 Β.
988 2270 1047 2327 Vir·
1101 2272 1152 2345 pia
1166 2275 1558 2349 cominiusterhujusmodi
1567 2280 1747 2339 miraculum
1755 2282 1926 2339 manifesta

222 2371 285 2444 gini
298 2370 445 2445 proferret
460 2384 468 2436 ;
483 2366 573 2424 relert
582 2364 642 2430 illa,
650 2365 818 2434 agnoscunt
834 2358 1046 2417 salutationem
1100 2362 1239 2436 vilsuper
1249 2364 1343 2422 illum.
1356 2366 1424 2424 [irat
1439 2367 1526 2440 juxte
1544 2369 1743 2442 sopradictam
1767 2373 1924 2428 ecclesian

220 2458 387 2532 angelicam
401 2472 494 2531 quam
509 2453 627 2512 Gabriel
638 2450 837 2523 archangelus
861 2450 888 2507 ei
912 2448 1045 2523 protulit,
1101 2458 1247 2525 stagnum,
1261 2456 1400 2527 perquod
1414 2455 1445 2512 in
1464 2457 1704 2528 parvanasicula
1715 2468 1924 2533 quaquanocts

221 2564 290 2605 eum
301 2545 464 2603 Dominum
476 2559 554 2601 exea
564 2541 747 2600 nasciturum
755 2538 900 2613 proedixit.
908 2537 963 2595 Ubi
975 2552 1046 2595 veru
1099 2540 1289 2599 transibatad
1298 2543 1423 2600 domum
1429 2544 1553 2602 infelicis
1566 2546 1749 2603 mulierculas
1763 2550 1924 2606 monachus

220 2631 700 2712 peccatrixmulierseexaudltam
707 2629 1047 2702 comperit,antesupra·
1098 2627 1266 2704 intelicior3
1277 2647 1342 2689 curn
1355 2622 1455 2690 autem
1468 2633 1538 2691 illuc
1551 2636 1922 2708 pergerevellet,obseraus

220 2726 332 2784 dictam
342 2724 506 2796 imaginem
516 2737 613 2793 genua
624 2720 756 2784 flectens,
764 2716 904 2776 audiente
918 2716 1043 2789 populo,
1099 2717 1230 2791 undique
1240 2721 1343 2793 portis,
1359 2725 1387 2779 et
1397 2723 1636 2795 anteimaginem
1651 2726 1824 2797 B.Virginis
1835 2733 1921 2784 uass

219 2821 396 2892 perpetuam
412 2811 625 2871 continentiam
639 2806 870 2880 devovit,seque
885 2807 1045 2862 sanctimo
1099 2809 1178 2864 siens
1193 2810 1920 2889 veniameoramcapetebat,animametcorpus'u

220 2907 330 2964 nialem
344 2904 408 2961 fleri
421 2900 591 2976 postulavit,
617 2897 700 2973 quod
721 2900 882 2955 consecuta
907 2894 1044 2951 cellulam
1098 2896 1164 2967 eius
1178 2912 1296 2969 ponens
1308 2898 1453 2966 custodia,
1470 2904 1498 2956 et
1512 2900 1555 2956 sic
1564 2902 1782 2975 perquoddam
1794 2906 1919 2977 egredie-

218 2983 1042 3069 juxtaeamdemeeclesiamaedificansinesseconclusit.
1098 2985 1346 3045 baturostiolum.
1368 2988 1481 3046 Accidit
1498 2995 1600 3048 auum
1628 2996 1659 3050 ul
1679 2997 1768 3050 nome
1792 2997 1919 3069 quadan

221 3085 397 3146 etlneodem
411 3082 565 3157 proposito
577 3075 886 3153 permansitusquead
893 3075 1044 3134 tumulum
1057 3035 1080 3097 G
1098 3091 1164 3132 cum
1179 3077 1217 3133 ad
1228 3092 1305 3148 opus
1315 3076 1461 3135 nefarium
1476 3085 1657 3153 properaret,
1675 3083 1769 3154 petita
1784 3088 1920 3143 veniaeo

220 3176 354 3235 fideliter.
1096 3181 1163 3223 ram
1175 3165 1499 3236 imagine,utnavieula
1525 3168 1802 3240 submergereturin
1809 3179 1918 3245 stagno,

539 3260 650 3317 CAPUT
675 3257 724 3315 ΙΙΙ.
1098 3253 1238 3311 etinlelix
1252 3256 1418 3312 monachus
1432 3256 1520 3329 aquis
1531 3257 1686 3315 immersus
1714 3260 1917 3329 suffocaretur,

254 3352 523 3410 Acciditautemut
544 3347 686 3421 quaedam
706 3360 823 3419 pauper
842 3343 950 3401 mulier
973 3360 1043 3401 cum
1099 3341 1287 3401 Adfuitillico
1300 3343 1921 3409 damonumturboinlelicemtrahensani

219 3432 1042 3516 parvulofilioqueminulnislerebatsolasupradictam
1099 3431 1233 3489 mamad
1264 3437 1475 3491 tormentorum
1498 3434 1593 3492 loca:
1618 3436 1730 3509 quibus
1762 3455 1919 3498 occurrens

219 3529 377 3586 ecelesiam
392 3525 595 3598 ingrederetur
604 3523 723 3581 nemina
737 3520 770 3578 in
795 3520 920 3578 ecclesia
945 3521 1043 3578 consi-
1097 3522 1129 3578 B.
1139 3522 1191 3579 liei
1209 3523 1338 3580 Genitrix
1352 3522 1459 3594 cripuit
1472 3524 1615 3581 miseram
1627 3525 1765 3583 animam
1780 3527 1920 3602 deponis

220 3623 330 3686 atenim
346 3617 429 3692 quod
439 3615 488 3672 ubi
504 3613 608 3671 mulier
623 3611 790 3683 conspexit,
810 3625 910 3668 coram
924 3609 976 3668 Dei
991 3612 1044 3668 Ge·
1096 3610 1228 3679 illorum,
1242 3610 1343 3668 dicem
1355 3627 1362 3668 :
1376 3612 1535 3677 «omissi,
1550 3628 1607 3670 nec
1617 3613 1784 3673 miserandi
1800 3621 1808 3675 l
1821 3619 1919 3692 utquid

218 3708 330 3767 niuiois
340 3706 470 3777 imagine
484 3718 583 3776 geum
592 3716 708 3775 ponens
724 3698 1042 3772 orationempropriam
1097 3701 1611 3775 presumpsistisiuvadereanimam
1623 3703 1918 3781 monacbrhujus,qui

218 3800 309 3872 coepit
322 3798 430 3858 dicere.
450 3800 480 3851 et
492 3798 523 3852 ut
536 3792 771 3863 sibidignaretur
786 3788 900 3857 adesse,
914 3788 1042 3862 supplex
1096 3789 1162 3847 licet
1176 3789 1214 3847 nd
1223 3790 1408 3863 peccandum
1423 3795 1568 3864 pergeret,
1576 3791 1634 3848 sub
1642 3807 1706 3849 maa
1717 3797 1820 3852 tamen
1831 3804 1920 3853 custo

218 3904 312 3947 orare.
324 3889 406 3944 Forte
420 3883 565 3957 parvulus
589 3895 678 3954 quem
688 3877 833 3935 mulierin
858 3876 988 3935 brachiis
1005 3883 1043 3934 te·
1097 3879 1148 3936 dia
1162 3895 1194 3935 se
1206 3878 1570 3951 posuit.»ludientesbaee
1580 3879 1917 3941 daemonesexclamant·

219 3976 312 4034 nebat
321 3969 689 4046 frustumpanisdentibus
701 3968 801 4025 adbuc
814 3966 940 4024 infirmis
954 3965 1043 4023 romi·
1099 3968 1292 4026 «iudicemur
1304 3972 1373 4024 ante
1387 3967 1583 4025 Dominum.»
1597 3971 1732 4043 cumque
1746 3987 1855 4030 coram
1867 3976 1918 4030 Deo

218 4066 310 4123 nabat
325 4062 395 4136 ;qui
413 4061 531 4118 intuens
549 4073 672 4131 puerum
694 4071 786 4130 quem
808 4054 897 4112 beata
909 4056 998 4126 Virgo
1011 4055 1043 4113 in
1095 4059 1255 4123 venisseut,
1271 4056 1917 4125 aittlatermisericordis:‹Animamusne.

216 4153 359 4212 manibus
368 4148 497 4216 tenebat,
506 4153 619 4220 partem
630 4145 718 4218 panis
731 4144 778 4202 sui
787 4143 872 4215 iregit
883 4143 1042 4215 etimagini
1096 4144 1271 4203 charissime
1286 4144 1346 4210 Fili,
1362 4144 1418 4201 sub
1433 4160 1501 4201 mea
1512 4145 1638 4216 positam
1654 4148 1793 4206 custodia
1808 4151 1919 4207 invase

218 4242 280 4301 Filii
290 4238 416 4311 Virginis
427 4236 556 4310 porrexit
570 4232 890 4292 balbutiendodicens:
905 4232 1040 4290 «luleus.
1096 4238 1163 4292 runt
1171 4237 1336 4300 doemones,
1356 4238 1386 4290 et
1403 4233 1461 4290 nisi
1486 4234 1570 4291 eitius
1581 4236 1792 4305 occurrissem,
1808 4240 1850 4296 ad
1871 4256 1919 4295 sua

216 4331 342 4390 comede
353 4346 361 4398 3
374 4326 481 4401 »quod
490 4326 563 4383 dum
576 4324 685 4396 sapius
693 4321 811 4379 iteraret
818 4326 845 4379 et
853 4321 1042 4394 puerisimili·
1096 4338 1200 4380 secum
1212 4327 1360 4380 tormenta
1372 4322 1590 4395 pertraxissent.
1615 4310 1752 4397 Cumque
1770 4326 1917 4397 judicium

215 4422 299 4489 tudo,
310 4423 410 4493 utpote
420 4410 1042 4484 insensibilis,minimeresponderetcoepit
1056 4396 1079 4454 D
1095 4418 1228 4469 vestrum
1241 4410 1424 4484 quesissent,
1444 4426 1514 4468 ecca
1531 4426 1634 4469 coram
1664 4414 1750 4469 robis
1771 4417 1917 4474 assistens

215 4512 316 4570 inians
328 4506 459 4566 mulieris
472 4503 543 4561 flere
554 4502 624 4576 quia
636 4500 754 4558 videbat
768 4499 859 4557 alium
868 4514 996 4571 puerum
1003 4501 1042 4558 de
1096 4517 1150 4559 oro
1163 4505 1195 4557 nt
1203 4505 1356 4557 revocetur
1365 4498 1405 4555 ad
1415 4514 1525 4571 eorpus
1540 4516 1640 4573 suum,
1650 4501 1832 4577 etdeinceps
1845 4508 1917 4563 vivat

215 4615 295 4674 pane
309 4599 388 4655 sicco
402 4593 482 4653 nolle
495 4590 659 4648 comedere.
672 4591 832 4662 Nunquam
840 4587 1042 4647 obliviscenda
1096 4595 1129 4647 ut
1143 4588 1310 4647 monachus
1324 4601 1380 4644 nec
1389 4585 1577 4645 illusionibus
1585 4594 1615 4645 et
1624 4590 1916 4663 deceptionibusde·

214 4687 373 4747 clementia
385 4680 564 4745 Salvatorist
579 4683 682 4751 lmago
693 4677 777 4752 pueri
798 4676 877 4734 illius
886 4693 940 4751 per
950 4679 1039 4736 virtu·
1094 4693 1220 4736 monum
1234 4675 1362 4748 amplius
1376 4676 1558 4748 acquiescat,
1570 4692 1609 4733 ne
1623 4677 1751 4735 deterius
1761 4680 1795 4737 in
1808 4681 1870 4740 line
1882 4682 1915 4739 illi

216 4784 275 4838 tem
284 4776 379 4835 sancti
392 4773 515 4847 Spiritus
524 4770 625 4828 locuta
638 4768 808 4841 dixltpuaro
819 4768 913 4824 ilenti:
924 4770 1039 4842 «lisque
1093 4766 1281 4839 contingat.»
1305 4763 1646 4834 Benignissimnsautem
1659 4766 1753 4824 index
1775 4770 1822 4828 ait
1840 4772 1916 4828 usu

214 4868 331 4930 tertiam
343 4866 423 4923 diem
435 4867 534 4921 mcum
547 4857 701 4932 epulabor.
718 4876 733 4910 s
748 4855 921 4929 stupefacta
932 4857 1039 4915 mulier
1094 4870 1175 4913 sua:
1190 4875 1202 4906 s
1219 4852 1378 4919 Quomodo
1389 4867 1451 4909 non
1473 4852 1550 4919 lieet,
1563 4855 1653 4912 Mater
1663 4858 1849 4925 veneranda,
1875 4876 1915 4917 me

214 4975 283 5033 quas
296 4957 393 5014 fllium
405 4951 527 5011 tenebat
538 4948 569 5005 in
581 4946 669 5014 uluis,
685 4962 755 5003 cum
769 4945 1040 5017 audivissetimagi-
1093 4943 1146 5001 libi
1159 4942 1273 5015 aliquid
1285 4956 1412 5014 negare,
1426 4942 1502 4998 sicut
1513 4942 1621 5015 petisti,
1633 4944 1733 5001 redeat
1751 4950 1916 5006 monachus

213 5063 284 5105 nem
296 5048 467 5120 loquentem
480 5040 519 5098 ad
534 5037 639 5100 lilium,
655 5034 902 5107 exclamavitprss
921 5034 1037 5092 timore.
1094 5035 1133 5091 ad
1142 5031 1278 5090 ordinem
1288 5047 1388 5098 suum,
1402 5035 1431 5086 et
1440 5031 1738 5104 agatpoenitentiam,
1748 5049 1786 5092 ne
1799 5039 1916 5108 gravius

215 5133 461 5192 sanctimoniales
475 5143 547 5187 mox
560 5123 733 5191 adveniunt,
758 5138 883 5181 eausam
899 5122 1039 5181 clamoris
1093 5123 1125 5179 in
1135 5122 1183 5179 dle
1198 5121 1304 5180 ultima
1312 5120 1472 5192 judicetur.
1489 5122 1564 5178 ‹Sic
1577 5124 1680 5179 anima
1694 5123 1826 5185 dimissa
1841 5145 1861 5186 a
1876 5146 1917 5185 su

214 5223 378 5295 inquirunt,
392 5222 494 5278 narrat
516 5215 622 5272 mulier
632 5220 762 5270 tremens
776 5212 928 5285 quomodo
953 5212 1039 5284 pueri
1093 5211 1171 5285 peris
1186 5210 1226 5267 ad
1238 5210 1379 5267 sarculum
1391 5215 1574 5273 reversaest.
1588 5213 1663 5268 llum
1675 5211 1740 5269 baec
1761 5214 1845 5273 circa
1857 5218 1918 5274 ani·

215 5309 510 5377 sanctissimiimago
522 5305 622 5361 locuta
638 5302 675 5359 sit
687 5303 725 5359 ad
738 5301 1037 5373 filiumsuum,etquid
1094 5317 1176 5358 mam
1190 5300 1232 5355 sic
1246 5303 1383 5369 aguntur,
1395 5314 1456 5356 nox
1470 5300 1638 5369 transierat,
1646 5304 1851 5378 monachique
1864 5307 1918 5364 in-

215 5403 243 5461 ei
256 5399 372 5458 dixerit.
391 5396 500 5453 Audito
515 5391 655 5451 miraculo
665 5395 1037 5458 tanto,accurruutomnes
1093 5396 1168 5448 uam
1178 5386 1350 5445 defunctum
1364 5403 1434 5445 esse
1442 5389 1607 5446 nescientes
1619 5390 1801 5463 querebant
1812 5411 1869 5453 nec
1881 5396 1917 5452 in

215 5486 385 5561 teuderici
397 5479 880 5562 quamlneidantqueeousilium
892 5477 1035 5538 utinians
1091 5476 1190 5538 renue
1202 5479 1348 5552 poterent.
1365 5476 1438 5535 Cum
1452 5492 1523 5537 vero
1542 5477 1621 5538 circa
1634 5484 1778 5553 stagnum
1790 5482 1912 5561 quiden
