3884 6050
112 252 171 313 us
268 214 272 221 ’
624 242 722 309 scre
743 239 1032 308 nursinensis
1053 242 1084 304 s.
1105 240 1298 307 eunoun.
1759 245 1818 306 sae

109 374 936 454 dominorum,eltrinseeuspluribusdcmibusinterposi·
948 409 975 472 A
988 373 1088 446 bodio,
1103 373 1135 433 in
1146 390 1207 449 qua
1218 374 1358 450 quotiens
1371 374 1525 442 braxatur,
1536 373 1628 433 datur
1636 374 1818 437 braxatoria

108 471 146 527 tis
162 470 274 540 3tercia
293 484 364 525 vero
379 469 435 527 sita
450 468 540 525 estin
558 467 644 525 noris
673 467 817 525 domibus
842 480 935 539 supra
987 467 1074 537 grute
1083 462 1243 521 heredibus
1254 464 1383 538 pecunia
1395 464 1446 521 illa
1457 464 1562 535 gratis.
1574 463 1817 525 Adbancbraxc·

107 574 221 618 conum
232 558 290 616 rici
304 573 410 616 versus
424 557 594 615 ecelesiam.
611 554 933 615 itemsuntadbucduc
988 567 1061 610 nam
1073 551 1188 610 babent
1208 552 1316 626 prefati
1330 553 1467 623 heredes,
1481 553 1617 626 quotiens
1630 552 1767 624 braxant,
1783 555 1816 615 {8

106 647 176 717 alie,
189 663 319 722 quarum
331 662 394 705 uua
408 653 531 705 vocatur
539 647 670 705 braxena
683 646 779 705 sancti
796 644 931 717 Spiritus,
987 645 1108 715 qusrtas
1120 641 1242 699 cervisie
1256 642 1332 700 inter
1347 657 1380 714 se
1391 640 1706 716 dividendas.1nsupsr
1720 644 1815 704 scien·

104 740 137 796 et
145 738 272 813 aliaque
283 736 378 795 sitaiu
387 736 486 810 platea
497 736 571 794 satis
581 736 661 794 ultra
672 735 772 793 rivum
781 732 933 792 mansioni
986 729 1061 787 dum
1076 730 1159 805 quod
1175 730 1230 788 bea
1254 730 1421 789 bbraxcnc
1440 729 1648 798 dominicales,
1675 734 1814 806 quotiens

106 843 202 901 supra
215 842 328 886 conum
341 828 431 884 eunti
445 826 595 899 contigua,
611 826 642 883 in
656 824 766 900 quibus
794 823 932 898 quotiens
985 818 1125 888 braxant,
1133 818 1225 877 libera
1236 824 1307 877 sunt
1321 818 1563 894 acensupecarii
1575 819 1708 888 cervisie,
1721 837 1813 895 quem

102 915 251 975 braxatur
263 915 379 974 nullam
391 915 551 989 pecuniam
559 915 768 973 solvuntltem
781 911 931 971 cstadbuc
984 908 1135 966 babemus
1150 908 1190 968 ad
1210 908 1340 983 reliquae
1364 909 1516 968 braxenas
1541 908 1622 969 inira
1645 908 1812 971 libertatem

102 1019 169 1062 une
181 1020 240 1079 quc
252 1003 460 1070 estsexenses
478 1003 506 1060 in
519 1001 656 1077 opposito
668 1001 779 1061 domus
792 999 830 1059 dc
844 1002 931 1058 liver-
985 997 1074 1072 opidi.

114 1193 1810 1239 m

571 1387 891 1514 RODULFl
954 1382 1342 1507 EPISTOLAE.

795 1622 880 1698 (Vide
893 1638 979 1696 supra
991 1620 1045 1679 ccl.
1061 1621 1118 1685 bl.)

342 2024 472 2114 vua
504 2021 802 2113 LIETBERTI
848 2016 1103 2110 EPISCOPI
1134 2018 1567 2113 CAMERAGENSIS.

634 2253 713 2326 (viae
727 2252 891 2326 pumicea
904 2255 972 2322 um,
983 2250 1103 2320 cruu,
1119 2251 1173 2310 eu.
1189 2252 1283 2327 cccc.)

487 2626 618 2760 llll
648 2625 1062 2756 lltlltsllllttts
1093 2626 1134 2755 S.
1156 2626 1408 2757 illicitis

610 2864 693 2923 UNlS
705 2865 839 2923 ultlrls
854 2862 1020 2924 Lecturus
1035 2862 1287 2924 THEBAEORUM.

553 3044 805 3117 (Percrebruerat,
820 3045 911 3102 Germ.
926 3044 993 3103 tiss.
1006 3044 1107 3119 Script.
1127 3048 1149 3106 t.
1161 3044 1198 3113 X,
1209 3060 1238 3120 p.
1262 3044 1339 3119 3³0.)

125 3358 283 3428 Rodullus,
298 3357 349 3418 liei
361 3357 457 3430 qratia
475 3357 507 3415 id
529 3356 614 3431 quod
632 3357 686 3422 esi,
699 3354 837 3415 omnibus
851 3371 919 3415 san·
935 3365 958 3425 Β
973 3360 1111 3431 apertum
1118 3359 1147 3414 st
1159 3354 1251 3412 unlus
1262 3368 1367 3414 corum
1380 3352 1573 3427 sepulchrum
1580 3353 1612 3411 tn
1619 3352 1727 3412 eodem
1737 3369 1802 3414 mo·

90 3452 209 3508 elerum
219 3451 389 3521 martyrum
401 3445 579 3507 memoriam
593 3445 643 3520 pie
669 3445 919 3519 amplectentibus
973 3445 1113 3512 aastcrio,
1126 3444 1213 3518 Juxta
1233 3442 1364 3501 medium
1377 3440 1531 3516 pylarium
1543 3443 1583 3503 ad
1598 3442 1800 3503 meridianam

90 3543 262 3611 martyrum
279 3536 473 3594 consortium.
485 3536 571 3594 Anno
584 3534 623 3593 ab
636 3534 841 3594 incarnatione
865 3536 919 3592 Do
972 3535 1106 3610 plagam,
1117 3532 1308 3608 presentibus
1317 3535 1379 3590 tota
1389 3536 1477 3590 nocte
1487 3531 1525 3590 ed
1539 3532 1656 3604 vigilias
1664 3534 1694 3591 et
1707 3532 1747 3591 ad
1755 3533 1802 3593 ie·

91 3625 259 3691 minimi,
280 3624 404 3681 turbatis
424 3624 490 3698 jam
514 3628 582 3681 autc
604 3638 657 3697 per
678 3622 802 3699 aliquod
825 3638 920 3682 annos
974 3622 1271 3694 dieadumreliglosie
1283 3621 1398 3680 clericis
1407 3626 1437 3679 et
1446 3620 1603 3679 monacbis
1611 3626 1701 3697 atquc
1709 3622 1800 3682 abba·

92 3713 218 3771 ecclesia
232 3716 261 3772 et
274 3727 377 3786 reguo,
394 3711 451 3770 sub
466 3712 646 3786 imperatore
659 3713 815 3787 ileynricc‚
832 3711 878 3785 cuj
884 3727 919 3769 us
974 3712 1054 3771 tibus
1061 3727 1131 3770 cum
1142 3711 1225 3769 omni
1232 3711 1378 3784 obsequio
1392 3713 1421 3766 et
1431 3709 1595 3768 reverentia
1609 3715 1700 3785 atquc
1709 3711 1801 3770 darc·

91 3806 176 3876 pater
190 3800 343 3858 Heinricus
357 3799 458 3858 beodii
471 3800 553 3871 obiit,
568 3801 652 3858 multi
665 3802 872 3874 episcopcrum
892 3804 921 3857 et
975 3802 1054 3858 tione
1070 3817 1078 3868 ς
1093 3801 1169 3857 inter
1183 3815 1260 3872 quos
1276 3805 1304 3855 et
1316 3813 1371 3869 ego
1385 3803 1526 3872 peccator
1537 3797 1698 3856 mandatus
1715 3800 1798 3860 affui.

91 3889 280 3949 abbatemet
291 3889 329 3946 da
342 3889 425 3946 omni
440 3888 544 3946 ordine
556 3893 586 3946 ct
597 3889 693 3960 gradu
706 3888 805 3946 clerici
815 3892 844 3947 st
857 3903 921 3945 mo·
975 3888 1094 3946 Elevato
1106 3888 1195 3959 igitur
1206 3886 1358 3961 superiore
1368 3886 1468 3962 lapide
1482 3887 1519 3943 de
1530 3887 1720 3962 sarcophago
1734 3894 1800 3962 post

90 3978 181 4038 nacbi
190 3977 333 4051 expulsit
342 3977 406 4034 suis
416 3975 536 4034 sedibus
545 3975 602 4034 bae
611 3975 739 4049 illacque
748 3975 921 4033 terebantur
976 3977 1028 4035 800
1052 3978 1081 4033 et
1102 3975 1217 4051 aliquot
1229 3975 1331 4049 plures
1345 3990 1439 4032 annos
1453 3976 1588 4049 martyrii
1601 3974 1798 4045 Tbcbcorum,

90 4062 919 4144 proptercommunicuemimperatoriaquamvitabant,
973 4065 1129 4122 inventum
1140 4068 1185 4121 est
1201 4062 1233 4120 in
1244 4078 1280 4121 ec
1293 4079 1402 4137 corpus
1417 4078 1574 4137 magnum,
1590 4081 1644 4141 per
1657 4068 1798 4141 scapulas

89 4151 920 4231 quiaexcommunieaveretcumdomnuspapaCeiixtus
975 4152 1120 4227 amplum,
1136 4168 1190 4226 per
1197 4155 1301 4226 pactus
1310 4158 1339 4209 et
1349 4151 1472 4210 brachia
1480 4153 1647 4225 thorosum,
1659 4156 1800 4215 indutum

91 4245 255 4312 secundus,
271 4248 391 4302 secutus
405 4245 437 4301 in
457 4258 527 4302 cum
551 4243 713 4301 sententias
735 4241 920 4316 predecesso
975 4241 1687 4317 clamidemilitaricolorispurpurei‚quaeampla
1701 4246 1801 4304 utrim-

91 4349 162 4391 rum
177 4348 300 4393 suorum
313 4331 420 4391 Gelasii
433 4336 461 4389 et
475 4330 635 4389 Paschaiis.
649 4333 708 4388 llac
732 4334 918 4405 tempestate,
974 4346 1033 4405 que
1041 4328 1637 4403 sestisdepsndebatusquesubtergenua
1645 4331 1709 4402 ejus
1715 4335 1800 4406 quasi

92 4420 262 4496 eademque
271 4421 310 4478 dc
320 4436 422 4491 causa,
437 4434 533 4497 coque
543 4419 675 4478 maxime
688 4419 760 4494 quia
775 4418 920 4477 Fredcrici
974 4419 1069 4478 tribus
1083 4417 1192 4492 digitis,
1200 4417 1390 4492 genuspallae
1401 4431 1464 4474 non
1473 4416 1721 4492 ignobilissupcr
1730 4436 1800 4479 eam

93 4509 263 4568 Leodiensis
272 4505 404 4582 episcopi
411 4506 546 4565 electioni
560 4511 589 4565 et
602 4507 819 4566 consecrationi
838 4505 919 4564 iare·
975 4509 1066 4567 aliam
1076 4508 1326 4567 babebatrcstcm
1336 4523 1398 4565 non
1406 4506 1583 4576 breviorem,
1592 4507 1727 4581 ignotam
1735 4510 1800 4585 qui·

91 4612 173 4665 ram,
188 4595 328 4669 expulsus
339 4612 406 4653 sum
420 4599 449 4655 et
463 4611 518 4668 cqc
530 4594 568 4653 de
578 4595 920 4655 coencbiobeati'l'rudc·
974 4597 1045 4656 dem
1054 4598 1142 4656 nobis
1151 4596 1281 4664 nomine,
1291 4596 1346 4653 sed
1355 4594 1504 4668 cognitam
1515 4595 1567 4654 iilo
1577 4598 1673 4655 scrico
1685 4599 1801 4658 cteolc·

92 4685 141 4743 nis
148 4683 219 4741 ldus
231 4682 461 4758 Aprilis,quarta
468 4682 544 4742 teria
557 4684 719 4742 dominice
730 4683 920 4742 resurreetio·
937 4703 1006 4778 cre
1015 4685 1168 4745 nobilioris
1178 4700 1338 4760 purpurae3
1354 4684 1462 4743 subtus
1482 4683 1522 4743 ad
1540 4701 1662 4745 carnem
1676 4688 1800 4749 nicbilo·

92 4774 152 4840 nis,
170 4786 240 4829 cum
250 4771 281 4829 in
295 4771 481 4845 coindignus
493 4773 684 4846 presedissem
700 4775 730 4829 lt
742 4772 807 4844 jam
821 4788 919 4831 annos
975 4775 1075 4833 minus
1086 4775 1177 4832 restis
1188 4774 1284 4832 serica
1294 4773 1355 4831 albi
1368 4774 1499 4832 maxims
1512 4773 1688 4846 coloris,sed
1697 4782 1800 4838 umen

93 4866 123 4920 et
143 4865 160 4917 t
183 4875 303 4918 menses
326 4863 364 4925 et,
391 4864 423 4919 ut
450 4864 530 4934 puto,
546 4864 578 4917 14
599 4860 675 4919 dies.
705 4861 919 4935 Suseeptusque
974 4863 1359 4936 subrubeacorpustotum
1372 4862 1518 4919 intactum
1529 4862 1628 4921 odbuc
1641 4865 1801 4926 ridebatur

92 4966 164 5007 sum
173 4948 371 5006 eodcmanno
381 4947 760 5006 misericorditeradomno
772 4948 919 5023 archiepi-
973 4956 1113 5024 amento,
1128 4950 1212 5025 quod
1227 4954 1344 5007 tentum
1362 4950 1399 5007 dc
1414 4951 1510 5025 capite
1524 4958 1686 5027 supererat,
1702 4970 1800 5031 usque

93 5054 189 5111 secpc
198 5037 373 5095 coloniense
389 5035 551 5106 frederico,
563 5037 698 5109 ejusdem
714 5037 845 5095 ecclcsiae
861 5040 920 5096 stu·
974 5040 1013 5098 ad
1028 5038 1129 5114 pedes,
1139 5038 1315 5097 indissoluta
1328 5038 1429 5096 adbuc
1443 5039 1601 5114 superficie
1612 5042 1802 5111 vestiumca·

91 5128 145 5186 dio
159 5130 189 5183 ct
202 5126 329 5183 fratrum
345 5124 488 5183 electione
499 5125 614 5198 positus
629 5141 697 5183 sum
712 5124 810 5183 abbas
824 5126 854 5184 iu
864 5143 920 5184 cos·
972 5129 1100 5202 ligarum
1115 5132 1204 5203 atque
1221 5127 1401 5185 calceorum.
1417 5128 1493 5185 Nam
1507 5133 1540 5186 ut
1549 5130 1684 5188 conicere
1698 5132 1800 5190 verius

91 5216 186 5275 nobie
207 5213 286 5273 beati
306 5213 493 5273 pantaleonis
516 5220 599 5272 extra
622 5229 726 5273 muros
743 5214 877 5284 civitatis,
891 5221 917 5274 8.
974 5218 1139 5290 potuimus,
1154 5217 1195 5273 sic
1221 5233 1293 5274 casu
1316 5216 1530 5291 pertransierat
1552 5218 1629 5276 inter
1653 5226 1744 5293 eaput
1773 5228 1802 5280 et

90 5305 162 5365 idus
175 5301 369 5378 Septembris,
388 5318 458 5359 cum
467 5303 534 5376 jam
548 5307 684 5361 vacasset
697 5320 716 5361 a
728 5304 756 5360 l.
769 5303 919 5362 Kalendas
974 5309 1107 5363 mentum
1117 5306 1316 5379 persecutoris
1328 5305 1456 5379 gladius.
1471 5305 1543 5363 Pars
1556 5310 1673 5364 tantum
1687 5308 1737 5368 illa
1748 5310 1800 5369 ubi

91 5391 237 5453 ianuarii.
254 5394 313 5450 Nec
331 5390 432 5449 multis
451 5396 520 5465 post
534 5390 787 5464 subsequentibus
801 5390 919 5461 diebus,
972 5394 1083 5450 ventris
1110 5392 1248 5450 mollities
1264 5393 1371 5465 iuerat,
1401 5395 1591 5469 aliquantum
1610 5396 1744 5455 modeste
1758 5403 1801 5459 ta·

91 5485 213 5557 petente
229 5478 364 5553 quodam
379 5477 430 5536 Dei
450 5494 536 5537 serre
558 5485 586 5537 et
604 5479 791 5554 predicatore
808 5495 920 5552 magne
974 5496 1044 5537 men
1054 5480 1240 5548 subsederat,
1252 5497 1345 5555 quam
1355 5483 1445 5539 vestis
1453 5483 1611 5541 subsecuta
1621 5481 1803 5544 indissoluta

91 5569 239 5630 iicrberto
254 5582 349 5625 unum
370 5567 406 5624 de
425 5567 600 5642 corporibus
614 5574 781 5642 martyrum
793 5569 921 5626 Thcbec·
972 5574 1190 5643 permanserat.
1200 5568 1802 5645 Talisupprcssionepectusctossatemo·

92 5674 173 5728 rum,
193 5655 248 5731 qui
263 5656 366 5729 jacent
391 5655 424 5714 iu
449 5656 634 5715 monasterio
658 5658 738 5715 santi
768 5656 918 5723 Gereonis,
974 5671 1042 5713 rum
1051 5654 1232 5715 videbantur
1243 5658 1340 5731 magis
1351 5662 1477 5732 turgere.
1494 5661 1588 5733 Supra
1602 5663 1705 5730 pectus
1720 5657 1798 5717 illius
