3884 6050
143 148 193 209 tet
708 144 867 205 sonuum
884 100 1037 199 essens
1067 134 1098 193 s,
1117 133 1298 197 mumius
1600 116 1601 119 ‘
1784 128 1838 185 ies

142 260 445 340 perveniebatligne
457 261 819 320 advestimeutalratrum
833 255 965 318 lavanda
980 261 1001 315 Α
1017 258 1094 317 libro
1118 260 1157 317 de
1180 259 1241 315 rita
1266 257 1346 315 beati
1363 255 1510 315 trudonis
1530 253 1619 327 (³58),
1637 252 1711 326 quia
1734 252 1840 308 rivem

142 352 302 411 veniebant
314 351 352 408 de
373 356 451 409 terra
466 349 515 427 qui
527 350 634 407 dicitur
658 350 798 407 liancdac
826 349 910 419 (³55),
924 344 965 402 ad
1018 348 1118 406 adhuc
1127 346 1344 404 monesterium
1363 361 1452 403 suum
1466 345 1593 418 primum
1603 343 1633 399 in
1646 342 1760 399 honore
1772 354 1841 396 sau·

141 438 643 511 balneaedelarelttlttprebendm
653 439 802 495 lautorum
816 442 845 496 et
857 446 965 495 consu·
1017 443 1134 495 ctorum
1146 436 1311 503 Quintiniet
1323 433 1446 504 Remigii
1454 431 1574 490 fecisset
1587 434 1647 489 lieo
1659 427 1839 494 consecrari,

142 533 243 587 torum
254 528 292 584 de
307 527 480 585 molendino
489 526 527 583 de
542 526 693 584 Grosmec.
1017 530 1125 584 etanta
1136 540 1221 582 aram
1233 524 1368 598 ipsorum
1379 539 1410 580 se
1425 521 1554 595 sepeliri,
1564 520 1841 593 videretqueusque

178 621 205 674 6.
219 616 311 687 igitur
320 614 567 673 abbasRodullus
581 615 706 672 audieus
718 629 754 672 ea
763 613 965 688 qumabbetes
1017 614 1106 672 hodie
1126 618 1185 672 eta
1199 613 1312 686 popule
1330 611 1459 669 exterius
1471 615 1501 668 et
1521 626 1541 669 a
1561 608 1704 667 Rauibus
1717 606 1842 665 interim

144 705 182 762 de
193 703 371 761 suodabent
381 702 420 760 ad
431 703 608 760 vestimenta
617 701 830 776 uanumque
839 716 909 758 eum
921 699 964 756 la·
1017 702 1207 760 testivitatem
1218 701 1312 757 sancti
1326 698 1452 770 Remigii
1463 696 1618 768 celebrari,
1634 701 1664 754 et
1681 695 1721 752 de
1735 699 1840 752 sancto

142 789 576 862 boreetdoloreetlongaptius
589 788 748 847 afflictione
762 790 805 846 eis
814 787 964 851 interdum
1019 790 1159 857 Quintiae
1171 805 1266 846 uuum
1272 787 1550 846 tautumcollectum
1559 784 1768 855 fleri,miratus
1779 798 1843 857 qiua

143 878 305 942 dedissent,
318 878 487 952 timensque
500 878 572 950 quia
593 877 624 934 id
642 878 724 935 idem
738 883 808 951 post
821 892 853 934 se
865 878 966 949 posset
1017 877 1198 951 negligentia
1210 877 1268 934 hoc
1282 876 1320 933 de
1329 881 1411 933 tante
1431 879 1563 948 martyre
1577 874 1759 944 contigisset,
1774 885 1841 942 gre-

144 966 289 1034 aceidere,
303 965 373 1023 utile
383 966 468 1023 duxit
482 971 542 1023 tem
562 967 673 1023 animae
685 981 748 1023 suae
762 981 856 1039 quam
867 962 966 1021 tratri·
1019 970 1083 1023 tum
1101 965 1282 1023 existimavit
1299 964 1361 1021 iore
1377 964 1462 1021 beato
1481 962 1623 1032 Trudoui,
1634 960 1689 1036 qui
1698 976 1730 1018 ee
1744 964 1773 1017 et
1785 975 1843 1017 sua

143 1052 212 1123 bus,
224 1059 257 1109 ut
271 1052 358 1125 plene
371 1052 555 1111 ordinaretet
562 1054 769 1111 denominaret
782 1053 864 1110 bona
872 1051 911 1109 ed
917 1064 966 1106 ve-
1019 1054 1077 1111 sub
1089 1054 1209 1110 nomine
1221 1054 1286 1125 ejus
1302 1051 1585 1120 beusdedicaveret,
1601 1050 1626 1107 si
1647 1047 1842 1121 solempnitas

144 1140 404 1199 etimeutairatrum
421 1143 484 1214 jem
498 1142 628 1215 amplius
644 1142 821 1214 pertinentia
834 1139 967 1199 mamma
1019 1143 1085 1213 eius
1096 1141 1294 1198 celebraretur
1303 1142 1333 1196 in
1348 1140 1414 1197 loco
1423 1138 1477 1212 qui
1487 1145 1573 1205 esset,
1589 1142 1623 1195 ut
1641 1136 1712 1208 dixi,
1724 1137 1784 1193 lieo
1804 1150 1842 1193 ex

143 1227 213 1301 quie
226 1227 352 1285 fratrum
363 1243 502 1286 numerus
517 1233 648 1286 creverat
664 1227 722 1285 sub
736 1244 782 1300 ee,
794 1229 846 1302 qui
863 1240 967 1299 supra·
1020 1230 1213 1302 nomineejus
1227 1227 1646 1301 dedicatussempositoergo
1656 1223 1842 1299 expansione

143 1315 223 1372 dicto
237 1330 332 1387 penso
345 1316 444 1374 vestiri
460 1331 522 1373 nou
542 1320 665 1389 poterat.
693 1315 791 1374 voluit
817 1316 909 1373 etiam
925 1314 968 1371 ita
1019 1320 1085 1391 ejus
1099 1318 1405 1391 pulcherrimeoantu,
1420 1315 1844 1389 cumautyphonisetreepon·

144 1401 293 1473 ordinare,
308 1403 400 1461 utilla
411 1403 459 1461 rel
471 1402 521 1463 illa
535 1404 617 1462 curia
628 1419 689 1462 nou
709 1404 967 1461 demembraretur
1021 1408 1108 1464 soriis
1119 1406 1304 1480 hymnisque
1315 1405 1479 1463 dulcisonis
1488 1402 1682 1475 solempniter
1700 1400 1844 1458 eelebrmi

144 1491 183 1549 de
194 1505 289 1548 ceusu
298 1493 360 1549 sire
374 1492 412 1550 de
423 1506 545 1550 annona
559 1492 749 1566 sua,sedquo
758 1493 868 1551 servire
877 1492 968 1549 debe·
1020 1496 1085 1567 ejus
1097 1494 1284 1552 testivitatem
1298 1493 1382 1566 apud
1395 1508 1452 1550 nos
1469 1491 1604 1558 insb‘tuit,
1615 1493 1725 1548 statuto
1745 1487 1843 1546 iratri-

145 1583 200 1656 ret,
211 1581 396 1652 toteiutegra
404 1581 533 1648 serviret,
549 1585 582 1638 ut
596 1581 621 1636 si
634 1580 756 1654 meando
766 1595 870 1638 earum
894 1586 967 1638 tem·
983 1582 1076 1652 gbus
1090 1582 1139 1639 die
1151 1581 1202 1639 illa
1216 1581 1312 1638 reditu
1327 1582 1357 1637 in
1371 1579 1525 1638 refectorio
1538 1579 1616 1636 ultra
1629 1590 1844 1637 communere·

145 1689 200 1745 pue
214 1671 368 1735 accideret,
376 1666 569 1725 officiatusde
576 1681 699 1725 aunone
713 1684 744 1724 se
760 1667 877 1742 plenius
883 1668 967 1739 jure·
1019 1670 1163 1737 iectionis,
1183 1671 1259 1727 sicut
1279 1670 1316 1707 ⁸⁰⁴
1337 1684 1430 1743 supra
1455 1669 1484 1725 in
1506 1667 1633 1740 epistola
1658 1667 1725 1739 eius
1749 1666 1843 1739 scrip·

144 1767 200 1826 ret,
214 1762 243 1817 et
258 1757 283 1815 ei
298 1769 421 1814 annona
436 1755 491 1812 vile
505 1755 811 1823 venderetur,ceusus
823 1760 900 1813 esset
914 1754 967 1829 qui
1019 1764 1105 1832 ptum
1116 1763 1170 1814 est.

146 1850 173 1906 ei
186 1861 359 1907 succurrere
373 1848 486 1918 posset.
502 1843 623 1902 Dicebat
635 1845 716 1902 enim
729 1844 845 1902 nullum
857 1844 968 1904 olflcia·
1054 1846 1082 1901 8.
1109 1840 1309 1903 itolendinum
1330 1842 1368 1900 de
1396 1842 1592 1901 Gursemdrul
1606 1843 1644 1883 *θ’
1664 1842 1779 1899 mtione
1800 1841 1844 1897 di-

145 1940 210 1996 tum
222 1938 260 1994 de
274 1936 373 2007 alique
387 1931 469 1990 ouria
482 1947 571 2004 posse
585 1932 789 2005 prolicere,cui
798 1938 968 1990 autcensus
1021 1938 1119 1991 etame
1129 1933 1207 1989 duos
1222 1932 1341 1989 modios
1351 1930 1540 1989 ieoitsolvere
1552 1930 1783 2005 ampliusquam
1791 1943 1844 1986 an·

146 2025 184 2082 de
196 2040 233 2083 ea
244 2028 297 2083 aut
309 2036 432 2081 annona
445 2020 572 2077 deesset.
584 2019 685 2091 ltaque
701 2019 808 2076 Provin
821 2020 897 2078 sicut
905 2026 968 2079 erut
1020 2024 1069 2078 tea
1080 2020 1214 2085 solveret,
1227 2017 1353 2077 aiterum
1366 2018 1632 2089 siliginis,alterum
1646 2017 1797 2075 frumenti.
1809 2016 1844 2073 ln

147 2111 187 2170 ad
203 2111 380 2169 vestimenta
391 2107 517 2165 teatrum
530 2106 650 2172 dimisit,
662 2111 691 2164 et
702 2121 826 2165 censum
836 2106 874 2164 de
887 2108 970 2165 illest
1021 2109 1067 2165 die
1079 2105 1845 2183 sanctiQuintiuidimidiumsiliginisconstituitpau·

147 2204 176 2258 et
185 2197 353 2257 aecclesiam
367 2194 406 2252 de
415 2194 514 2264 Pirges
527 2197 558 2250 et
574 2193 656 2264 ligna
669 2197 699 2251 et
718 2194 889 2266 prebendas
909 2210 970 2253 ser-
1021 2195 1144 2269 peribus
1159 2195 1197 2252 ad
1212 2193 1338 2251 domum
1349 2194 1602 2262 elemosinariam,
1616 2193 1742 2253 alterum
1754 2192 1846 2250 dimi·

145 2286 300 2353 vientium,
314 2282 392 2341 sicut
404 2281 661 2339 invenitcensurn
673 2285 772 2339 eutem
787 2282 969 2341 deecclesia
1021 2283 1106 2340 dium
1112 2283 1246 2340 similiter
1252 2282 1434 2355 pauperibus
1440 2282 1611 2340 adcendem
1618 2282 1744 2339 domum
1754 2282 1784 2338 in
1796 2280 1845 2338 die

147 2373 185 2431 de
197 2370 385 2431 Guebechem
399 2373 428 2427 et
441 2368 480 2426 de
499 2367 632 2426 aecclesia
646 2369 681 2426 de
694 2370 807 2436 liuneb,
822 2371 968 2444 quoniam
1022 2372 1198 2430 sacrationis
1212 2386 1286 2437 sues,
1298 2370 1340 2428 eie
1355 2375 1388 2426 ut
1397 2374 1462 2442 post
1477 2386 1567 2427 suum
1577 2373 1734 2427 decessum
1749 2373 1847 2427 trans

146 2461 225 2519 villas
237 2461 300 2518 istas
314 2456 420 2530 majori
438 2459 523 2531 parte
535 2454 576 2513 ad
600 2456 743 2515 abbatem
766 2459 922 2531 pertinent,
937 2460 968 2517 iu
1021 2459 1149 2519 terretur
1171 2458 1211 2516 ad
1232 2458 1479 2516 anniversarium.
1499 2458 1541 2515 De
1558 2458 1652 2516 altero
1670 2457 1773 2515 modio
1785 2455 1847 2514 iru-

146 2564 271 2606 manum
285 2545 407 2604 retinuit
424 2543 563 2617 superius
575 2542 655 2602 dicta
675 2544 846 2603 intentione.
861 2546 968 2604 Villam
1022 2546 1114 2605 menti
1127 2546 1288 2612 constituit,
1303 2546 1334 2602 in
1346 2545 1394 2602 die
1411 2544 1487 2602 testo
1500 2545 1635 2617 eiusdem
1649 2546 1742 2603 saneti
1758 2549 1791 2602 ut
1807 2544 1845 2600 si·

145 2635 261 2694 verode
270 2634 393 2693 sesninc
406 2647 476 2691 cum
486 2631 632 2696 ecetesia,
646 2633 792 2705 queniam
805 2634 906 2691 studio
916 2651 969 2691 suo
1022 2635 1095 2692 mila
1107 2637 1300 2698 excuteretur,
1312 2638 1341 2689 et
1360 2633 1445 2705 panis
1469 2632 1611 2705 ponderis
1624 2635 1751 2690 duarum
1766 2648 1846 2689 mar·

147 2723 288 2782 etlebore
297 2737 362 2778 eam
374 2734 486 2790 magno
498 2724 525 2775 et
531 2718 675 2789 gravibus
689 2720 826 2792 expensis
837 2721 971 2794 reacqui-
1023 2738 1126 2779 carum
1141 2727 1171 2780 et
1182 2720 1314 2778 dimidiae
1327 2719 1450 2776 daretur
1460 2720 1529 2776 inde
1553 2721 1678 2790 singulis
1705 2719 1845 2777 iratribus

148 2812 249 2877 eierat,
266 2811 304 2868 ad
312 2807 489 2866 vestimenta
500 2805 626 2864 fratrum
648 2807 759 2876 statuit,
774 2812 804 2866 et
815 2808 918 2867 villam
932 2809 970 2866 de
1023 2824 1113 2883 super
1127 2825 1235 2875 panem
1248 2824 1337 2865 suum
1357 2808 1552 2874 cotidianum,
1565 2808 1603 2865 de
1616 2808 1732 2882 reliquo
1745 2807 1847 2865 farine

148 2898 250 2956 stades
261 2898 378 2971 absque
393 2893 529 2953 aecclesia
543 2899 571 2953 et
591 2893 766 2953 molendino
791 2896 916 2968 Remigii
939 2897 970 2954 in
989 2898 1111 2983 epanis
1121 2895 1205 2953 fleret
1216 2896 1427 2963 communicet
1439 2895 1565 2966 singulis
1578 2896 1810 2953 camerariorum
1819 2901 1849 2954 et

148 3001 242 3044 ceusu
256 2988 286 3043 et
301 2997 433 3042 aunone.
449 2981 478 3040 si
497 2982 587 3053 igitur
605 2982 762 3056 diligenter
780 2989 971 3058 computave-
1025 2984 1216 3043 servientium
1228 2985 1260 3041 iu
1272 2985 1346 3040 curti
1365 2998 1443 3040 unus
1456 2984 1579 3041 daretur
1589 2984 1726 3056 ejusdem
1736 2983 1849 3058 ponde-

148 3075 200 3141 ris,
214 3071 348 3130 invenies
359 3068 490 3144 quodad
502 3068 677 3126 vestiarium
689 3069 799 3143 aliquid
807 3071 875 3144 plus
885 3073 972 3146 perti-
1024 3073 1075 3129 ris.
1091 3072 1228 3129 Similiter
1240 3071 1278 3128 de
1291 3070 1350 3129 alio
1365 3071 1509 3129 modicia
1521 3072 1570 3130 die
1584 3087 1645 3129 sum
1661 3073 1848 3145 sacrationis,

148 3163 322 3233 neatquam
335 3157 441 3215 ratem
454 3158 490 3216 30
502 3155 659 3222 librarum,
678 3158 716 3214 de
738 3157 849 3232 quibus
874 3159 907 3217 tu
921 3176 971 3217 su·
1025 3167 1054 3218 et
1065 3178 1135 3218 cum
1148 3160 1359 3232 defungeretur
1368 3160 1408 3217 ad
1421 3160 1501 3217 diem
1516 3161 1723 3220 anniversarii.

147 3245 312 3320 peradditm
322 3249 471 3317 suntque)
485 3243 638 3316 priusnou
654 3247 747 3302 erant.
1060 3254 1087 3307 9.
1103 3247 1314 3305 Bouarium⁸⁰t
1324 3262 1419 3305 uuum
1438 3253 1522 3306 terrm
1539 3248 1623 3320 juxta
1637 3248 1785 3307 culturam
1796 3263 1851 3305 uo·

182 3338 210 3393 7.
224 3338 256 3391 tn
274 3333 345 3390 villa
365 3340 394 3375 ⁸⁸·
418 3332 660 3404 itam(lbt)que
685 3336 731 3389 est
753 3332 785 3390 in
805 3336 972 3395 texandria
1026 3341 1120 3393 stram
1133 3350 1236 3392 versus
1252 3335 1580 3405 tterguelesGueiurico
1594 3335 1849 3402 cuidam‚subril·

147 3435 289 3480 mansum
304 3434 398 3476 unum
408 3418 541 3476 habebat
549 3417 694 3486 aecclesia,
709 3418 870 3480 solventem
881 3428 916 3482 30
925 3426 973 3483 de·
1025 3424 1082 3482 lico
1101 3429 1213 3488 nostro,
1228 3423 1432 3496 conquerenti,
1450 3423 1532 3496 quod
1558 3424 1667 3496 injuste
1688 3430 1768 3483 esset
1790 3424 1849 3483 sibi
1905 3435 1910 3440 ·

146 3508 259 3567 uarios.
274 3508 367 3574 Quem
382 3505 529 3579 quoniam
537 3506 790 3579 multiquerebent
801 3510 969 3586 intendam,
1026 3512 1189 3579 sublatum,
1203 3510 1328 3568 restituit
1346 3526 1383 3568 ea
1406 3511 1587 3580 conditione,
1600 3517 1632 3568 ut
1651 3512 1685 3567 12
1708 3511 1850 3570 denanos

148 3601 177 3654 et
190 3595 296 3654 nosibi
305 3593 396 3652 nichil
406 3593 536 3667 amplius
546 3594 741 3662 habebamus,
755 3597 864 3654 timens
875 3599 972 3658 abbas
1026 3599 1153 3671 siugulis
1163 3599 1250 3658 annis
1264 3599 1334 3657 inde
1343 3600 1523 3673 persolveret
1534 3599 1632 3656 villico
1644 3600 1682 3656 de
1701 3600 1776 3657 curti
1795 3614 1849 3657 no·

147 3682 302 3750 Rodulius‚
317 3697 355 3740 ue
367 3688 435 3756 post
447 3696 479 3740 ee
493 3681 602 3755 aliquis
617 3682 737 3755 veniret,
753 3685 806 3758 qui
828 3685 913 3744 illum
939 3689 971 3746 in
1026 3693 1086 3745 stre
1098 3688 1137 3745 ad
1151 3702 1229 3760 epus
1241 3687 1446 3754 servientium,
1464 3687 1577 3745 scilicet
1590 3703 1739 3754 cocorum,
1756 3687 1850 3762 pisto·

145 3771 267 3831 feodum
279 3770 369 3829 alicui
382 3770 478 3828 daret.
493 3769 570 3827 sicut
582 3768 861 3847 sibiquequcprope
874 3777 970 3833 eonti-
1025 3792 1103 3843 rum,
1119 3776 1269 3833 lautorum
1279 3782 1307 3832 et
1319 3774 1456 3844 taliorum
1468 3775 1505 3832 de
1515 3778 1599 3833 curia
1613 3783 1726 3844 nostre,
1745 3782 1778 3834 ut
1798 3776 1850 3835 die

146 3857 557 3933 geratconvoceritmajores
568 3856 710 3914 ecclesie
721 3863 780 3916 tam
793 3861 831 3918 de
845 3862 929 3920 laicis
941 3870 971 3923 et
1025 3863 1193 3921 lestiritatis
1218 3865 1313 3920 sancti
1328 3863 1460 3931 Quintini
1477 3863 1578 3920 binde
1598 3864 1786 3922 denariosad
1805 3865 1850 3921 bi·

144 3945 258 4003 olericis
271 3960 364 4018 quam
379 3943 546 4011 monachis,
560 3943 631 4001 etio
646 3943 713 4001 iilos
726 3946 867 4007 denarios
882 3950 914 4008 in
929 3952 970 4009 le·
987 3969 1009 4026 p
1027 3951 1159 4011 bendum
1174 3951 1264 4008 simul
1275 3951 1493 4020 heberent,6iu
1507 3951 1555 4008 die
1570 3952 1848 4025 ordinationisejus,

145 4033 272 4091 stivitate
284 4031 378 4090 saneti
388 4031 534 4089 iohannis
542 4032 702 4090 solvendos
712 4035 803 4107 priori
818 4039 972 4098 coustituit
1025 4041 1076 4114 qui
1096 4044 1123 4107 t,
1144 4056 1214 4097 cum
1235 4039 1455 4111 defungeretur,
1471 4040 1698 4097 transferrentur
1713 4040 1753 4097 ad
1768 4041 1850 4098 diem

143 4121 282 4179 iratribus
294 4119 335 4179 ed
344 4121 496 4179 servitium
511 4137 616 4178 eorum
629 4122 659 4178 in
682 4122 837 4182 testivitate
860 4133 971 4187 sanctes
1026 4128 1222 4186 anniversarii
1237 4130 1389 4197 ejusutnte
1402 4125 1618 4184 occidentalem
1633 4129 1724 4184 curtis
1740 4132 1850 4185 nosue

144 4208 244 4267 llarioe
258 4207 452 4282 llagdaleuee‚
465 4213 499 4266 ut
511 4208 837 4270 iacerentiestivitatem
848 4214 930 4272 illam
940 4216 971 4272 iu
1026 4220 1143 4289 portam
1156 4216 1232 4271 inter
1246 4214 1384 4286 superius
1396 4213 1603 4271 molendinum
1620 4222 1648 4272 et
1662 4215 1740 4273 viem
1752 4216 1850 4288 publi-

143 4296 232 4362 albis,
249 4311 343 4369 quam
363 4296 506 4368 priusrix
525 4295 557 4353 iu
576 4296 671 4355 tribue
687 4297 861 4357 lectionibus
885 4302 973 4360 lacie-
1026 4318 1104 4369 cam,
1117 4317 1186 4375 que
1199 4301 1459 4373 apontedirigitur
1480 4303 1517 4358 ad
1534 4303 1629 4359 saneti
1642 4303 1778 4376 Gengulfl
1793 4319 1850 4360 ee·

141 4381 463 4441 pentemimerim
477 4384 653 4442 adeaudem
662 4384 852 4445 testivitatem
865 4388 973 4447 solem·
1026 4389 1158 4454 alesiam,
1166 4387 1322 4447 tabernula
1328 4393 1374 4446 est
1387 4389 1467 4446 iacta
1478 4391 1543 4462 eJus
1559 4396 1693 4464 tempore
1712 4406 1803 4464 super
1812 4392 1850 4448 ri·

141 4470 234 4542 pnius
248 4470 462 4528 celebrandam
478 4473 513 4531 30
527 4471 602 4528 alios
616 4473 765 4543 denarios,
778 4475 830 4548 qui
849 4477 974 4536 veniunt
1026 4491 1098 4534 vum
1117 4477 1204 4548 juxta
1217 4482 1350 4549 pontem,
1372 4477 1514 4535 cellerarii
1538 4479 1651 4552 labore,
1675 4480 1848 4553 sumptibus

141 4558 180 4616 de
195 4557 398 4626 Guebcchem,
411 4558 449 4615 de
463 4558 529 4615 loco
545 4558 596 4615 ubi
610 4558 683 4615 olim
697 4562 808 4619 camba
821 4564 973 4625 exstiterat
1026 4565 1168 4624 aecclesie)
1176 4582 1266 4639 super
1277 4572 1410 4624 nostrum
1422 4568 1850 4641 dominicale,decujuscensu

143 4650 172 4704 et
184 4646 278 4704 modo
295 4649 391 4703 statue
402 4643 561 4703 curtilicius
580 4651 636 4704 est.
649 4646 784 4719 Cumque
798 4650 918 4722 legisset
938 4655 970 4711 in
1025 4654 1087 4711 sive
1095 4653 1242 4712 reditibus
1255 4685 1288 4696 -
1302 4662 1401 4728 potest
1413 4656 1493 4713 enim
1508 4658 1655 4715 interdum
1670 4659 1849 4717 commutari

832 4778 946 4838 vium
962 4761 1161 4840 iecuouus.

178 4892 216 4930 ⁸⁰⁸
230 4908 296 4966 qeoe
306 4898 471 4967 sumentur
484 4908 572 5022 arzer
585 4894 623 4951 ud
646 4895 807 4978 curtilicius
822 4908 868 4956 est
880 4901 985 4960 desunt
998 4903 1084 4961 1³:⁸⁰⁴
1096 4907 1171 4962 sieut
1183 4934 1220 4950 ·-
1235 4907 1282 4963 eet
1293 4904 1400 4963 desum
1415 4904 1448 4962 ti.
1462 4904 1499 4940 ⁸⁰⁵
1521 4903 1716 4964 inroraret.
1732 4904 1769 4943 ⁸⁰⁸
1782 4918 1848 4979 pets

140 4971 413 5038 sequentemque
422 4964 463 5023 ud
475 4980 522 5038 cip
544 4981 577 5021 os
591 4964 732 5024 tratribus
745 4970 854 5029 desunt
865 4971 900 5028 D.

940 5097 1054 5157 NOTAE.

188 5213 238 5268 titt
265 5211 342 5268 Num
355 5209 552 5294 Monteneken
566 5211 649 5272 haud
662 5215 769 5289 procul
788 5216 961 5278 abundent
1063 5220 1114 5276 257
1142 5221 1268 5276 flamme
1283 5215 1416 5276 lovanio
1433 5217 1579 5287 ricinum,

189 5285 240 5341 ate
264 5282 338 5342 beer
350 5282 383 5341 in
394 5282 680 5347 numerosarum.
1062 5293 1114 5350 tet
1140 5289 1248 5349 Donati
1260 5289 1360 5349 litas.
1372 5288 1519 5350 trudonis
1528 5307 1555 5350 o.
1570 5296 1614 5351 ts.
