3884 6050
171 146 224 231 toi
740 122 1316 226 nonusriiesartssrsunoms
1828 158 1880 223 soe

172 294 369 353 intruderent.
379 293 504 350 Summe
515 292 637 352 tandem
649 291 793 366 persoluti
803 288 916 363 argenti
928 302 998 356 sup·
1013 281 1037 336 A
1051 298 1109 355 eur
1118 285 1154 343 de
1163 290 1328 355 spirituali,
1340 305 1434 362 neque
1442 290 1478 347 de
1488 288 1648 359 temporati
1659 286 1737 345 dono
1751 289 1880 347 abbatie

171 388 277 457 putata
289 388 334 440 est
346 381 435 439 nobis
449 380 543 438 inisse
558 397 654 454 usque
674 382 715 438 ad
736 382 813 437 70⁹⁸
832 393 950 437 marcas
969 382 997 430 et
1051 381 1169 442 nostres,
1175 380 1372 446 pretationem
1383 395 1474 450 super
1483 394 1536 436 nos
1547 380 1679 450 accipere
1686 382 1879 449 presumpsit,

172 470 286 545 aliquid
295 468 435 543 amptius,
452 474 483 527 et
499 485 648 544 equorum
670 474 760 544 etque
782 466 996 542 palefridorum
1051 468 1078 518 ct
1090 462 1881 538 dominesecclesianoetrsepersacramentumetiso·

171 575 269 633 usqne
283 558 323 615 ad
341 558 386 614 ii.
399 558 447 617 Sic
461 562 523 616 erat
538 564 608 615 tune
619 558 711 631 ieme,
727 559 801 631 quin
816 557 911 614 immo
922 551 996 610 inie-
1051 552 1177 610 minium
1191 554 1248 612 sibi
1257 558 1442 627 mancipare.
1457 557 1565 622 Tertio,
1574 554 1731 628 quinione
1740 555 1880 613 secusia

171 648 243 720 mio,
261 647 316 704 sibi
327 646 499 721 imputetur,
516 663 578 704 non
589 646 690 714 michi,
707 647 732 703 si
747 647 786 703 sit
797 639 997 702 mentite.sed
1051 639 1207 713 distraxit,
1220 644 1370 713 familiam
1391 645 1516 715 cristine,
1530 659 1583 701 nos
1596 644 1691 700 uictus
1709 650 1735 700 et
1758 647 1880 701 uestitus

172 752 230 793 uos
242 751 354 810 aeques
364 736 494 793 vidimus
506 742 536 793 et
545 743 696 810 presentes
705 731 997 793 audivimusrereei·
1051 735 1179 799 eaestate
1192 735 1350 790 cruciavit.
1367 734 1490 802 Quarto,
1505 736 1576 806 quia
1590 734 1655 789 sine
1668 735 1800 789 omnium
1810 749 1879 791 con·

172 825 339 883 torretorre
353 840 528 898 possumus,
538 824 612 898 quia
621 831 690 883 ante
702 823 808 881 celiam
824 820 954 887 abbatis,
966 820 997 877 in
1051 832 1139 875 enisu
1153 820 1288 890 fratrum
1309 830 1337 880 et
1352 824 1495 880 electione
1505 822 1604 879 Mettis
1617 822 1770 892 profectus
1782 828 1834 890 est,
1850 829 1879 880 et

171 928 236 989 qua
248 914 407 988 episeopus
426 913 648 988 hospitabatur,
664 918 693 970 et
709 928 763 986 per
775 917 867 969 totam
881 910 998 967 curiam
1051 906 1162 965 donum
1176 910 1255 967 titud
1268 910 1349 983 quod
1366 917 1511 982 accepita
1530 911 1679 981 Poppone,
1691 912 1879 981 presentibus

173 1017 303 1074 magnus
314 1003 422 1061 cotidm
433 1003 616 1061 venientium
626 1009 655 1059 et
664 1002 840 1060 amentium
850 1013 998 1074 equorum
1051 995 1094 1053 ibi
1104 998 1369 1067 iratribusnostris
1379 1008 1407 1058 et
1419 1001 1487 1059 niue
1495 1017 1561 1059 rore
1570 1002 1598 1058 ei
1605 1001 1880 1058 contradicentibus

172 1091 325 1151 decumas
351 1098 380 1150 et
401 1091 517 1151 elamor
546 1091 705 1149 bominum
726 1089 921 1149 vendentium
946 1090 1000 1144 aut
1052 1086 1187 1159 duraque
1201 1095 1230 1146 et
1244 1090 1427 1147 audientiam
1445 1090 1622 1162 petentibus,
1636 1095 1881 1161 temenaccipere

173 1181 338 1240 ementium
352 1197 405 1239 eos
416 1180 593 1247 habebatur,
613 1180 668 1255 qui
679 1180 831 1239 debentur
845 1195 865 1237 a
877 1176 999 1236 tautori-
1050 1180 1458 1251 presumpserstpnsnpercun
1464 1180 1623 1250 tbisrntree
1629 1180 1880 1250 inpresentiarum

173 1269 233 1328 bus
245 1275 275 1328 at
287 1271 392 1329 amicis
402 1271 574 1329 florimanni
587 1269 764 1329 consiliariis
782 1273 812 1327 et
822 1266 998 1327 collaterati-
1053 1264 1224 1324 notassent
1239 1269 1355 1326 litteras
1366 1269 1533 1326 Leodiensis
1545 1270 1675 1339 episcopi
1689 1274 1717 1326 ct
1732 1269 1881 1335 attonsos·-

171 1359 231 1418 bus
243 1360 388 1434 episcopi.
410 1360 608 1419 dorimennus
625 1374 692 1419 rere
706 1361 738 1416 in
752 1357 881 1433 spicario
896 1365 999 1414 nostro
1054 1354 1122 1412 licet
1134 1356 1264 1426 ejusdem
1278 1358 1537 1416 arcusianernon
1547 1366 1574 1415 et
1585 1358 1771 1416 treverensis
1781 1358 1882 1416 arcisi-

172 1448 358 1518 morabetur,
375 1465 468 1524 perro
487 1449 558 1507 eatis
584 1450 682 1522 spetio
693 1447 822 1507 distante
838 1463 857 1505 a
871 1448 901 1483 ¹⁶
914 1445 998 1515 cessa,
1053 1443 1190 1516 episcopi,
1203 1447 1339 1518 maristrs'
1348 1447 1495 1512 distensis,
1507 1462 1573 1519 qus
1582 1446 1693 1504 donum
1704 1449 1754 1504 itti
1764 1454 1882 1505 contra·

173 1536 205 1594 in
219 1552 281 1611 que
295 1537 456 1611 episcopus
466 1536 685 1611 hospitabatur,
705 1536 747 1594 ita
760 1542 793 1592 ut
805 1536 999 1592 intercurren-
1017 1510 1040 1566 Β
1053 1531 1190 1591 dicebant
1200 1549 1267 1591 cum
1279 1535 1429 1604 fratribus
1442 1535 1560 1592 nostris.
1574 1536 1693 1605 Quinto,
1704 1536 1880 1608 quodetiam

174 1630 217 1682 tes
229 1625 325 1683 nundi
346 1625 591 1685 manifestissime
614 1624 654 1682 ed
676 1640 746 1684 eum
761 1622 998 1695 ingrederentur,
1054 1620 1134 1679 itiud
1147 1623 1258 1680 donum
1266 1638 1322 1695 per
1328 1625 1490 1695 pecuniam
1503 1625 1674 1693 obtmuen't,
1688 1632 1714 1682 et
1724 1624 1801 1696 quod
1809 1639 1882 1684 con·

172 1719 203 1772 et
218 1714 256 1773 de
269 1714 436 1788 quantitate
450 1714 636 1789 etqualitate
651 1714 699 1771 sui
715 1712 880 1787 turpissimi
895 1712 998 1771 merci·
1054 1711 1234 1770 tradicentes
1252 1714 1280 1769 ei
1289 1712 1404 1783 fratres
1419 1715 1546 1784 spatiari
1560 1720 1587 1770 et
1597 1713 1753 1785 mpetum
1765 1713 1880 1785 prauis·

171 1804 266 1862 monii
280 1809 348 1862 ente
361 1820 432 1861 eum
445 1808 615 1862 trement.
1051 1800 1125 1858 sime
1136 1802 1253 1871 fecerit.
1262 1802 1364 1866 Sesto,
1373 1804 1448 1873 quod
1460 1818 1525 1859 eum
1535 1804 1565 1839 ¹¹⁸
1578 1802 1703 1859 necdum
1714 1802 1880 1860 mmmcbus

208 1893 253 1949 tt.
271 1892 340 1951 iisse
352 1893 426 1951 dum
440 1898 608 1966 egerentur,
622 1906 678 1949 uos
699 1889 998 1961 intercurrerissima
1051 1892 1100 1957 sit,
1116 1890 1358 1949 scitiretcumnd
1370 1891 1486 1948 nuttius
1501 1906 1639 1964 umquam
1656 1892 1878 1949 ecciesisstitu·

170 1980 268 2040 riotm
284 1987 313 2041 et
324 1982 449 2040 vestitus
461 1983 637 2041 necessitate
651 1979 858 2039 afficiebamur
875 1980 907 2037 in
929 1984 997 2036 ten·
1052 1979 1112 2035 tum
1124 1977 1224 2036 adbuc
1235 1978 1459 2050 professionem,
1472 1981 1578 2051 fecerit
1593 1994 1687 2052 neque
1701 1980 1879 2038 benedictio·

171 2077 246 2144 tuns,
269 2075 302 2129 ut
321 2076 461 2145 presente
483 2075 627 2144 episcopo
650 2074 679 2128 et
700 2068 895 2127 brennisente
920 2068 998 2125 tieri-
1051 2082 1117 2124 nem
1130 2067 1273 2125 monasti
1284 2071 1452 2140 susceperit,
1472 2070 1553 2142 quod
1566 2069 1658 2127 abbas
1681 2071 1745 2127 uuit
1765 2085 1825 2127 esse
1847 2075 1878 2127 et

169 2174 286 2218 menno
299 2159 349 2216 dia
363 2158 581 2232 solempnitatis
595 2156 692 2215 sancti
705 2156 779 2214 Petri
793 2155 931 2229 apostoli,
942 2158 996 2212 tia·
1051 2155 1183 2213 benedici
1197 2156 1229 2214 in
1243 2157 1390 2224 abbatem,
1405 2160 1458 2231 qui
1472 2158 1595 2216 necdum
1610 2166 1651 2215 est
1665 2158 1833 2218 benedictus
1842 2159 1876 2216 in

170 2247 278 2305 tendas
302 2246 439 2320 augusti,
470 2251 498 2305 et
524 2247 557 2304 in
577 2248 749 2305 inventione
774 2246 855 2304 beati
876 2246 997 2319 protho-
1050 2246 1253 2304 monacnum?
1267 2253 1294 2303 et
1313 2247 1455 2318 quomodo
1469 2247 1625 2305 mortariis
1645 2249 1876 2307 benedictionem

169 2337 311 2410 martyris
325 2336 478 2411 stephani,
488 2335 608 2409 petroni
622 2342 651 2395 et
662 2335 778 2394 domini
788 2335 891 2401 nostri,
904 2334 996 2393 nichil
1050 2335 1247 2392 monacbitem
1258 2336 1351 2401 dabit,
1363 2337 1416 2407 qui
1425 2337 1618 2394 camnmdnm
1630 2341 1741 2408 accepit
1751 2334 1832 2395 idat
1843 2341 1874 2378 ¹¹⁹

168 2428 296 2486 omnino
308 2428 393 2502 quod
413 2427 641 2485 comederemus
661 2434 712 2485 aut
726 2426 900 2484 biberemus
915 2427 996 2483 inve·
1048 2424 1194 2497 quomodo
1202 2426 1501 2499 pr·ofiterisaeiet‚qui
1510 2429 1636 2486 necdum
1646 2429 1795 2499 professus
1807 2431 1877 2486 eet?

167 2517 511 2576 niseemnsadmeneem
521 2515 996 2590 nostrametcnterasperpluri·
1048 2513 1188 2585 Septimo,
1197 2514 1328 2586 quiapro
1337 2514 1486 2586 biscutps's
1496 2519 1755 2590 cumsemetatque
1766 2519 1874 2576 iterum

167 2616 235 2665 ntes
256 2608 448 2665 necessitates
461 2612 641 2681 pateremur,
661 2621 739 2679 ques
757 2605 806 2663 bio
818 2621 996 2663 enumerare
1049 2619 1161 2662 necnon
1177 2611 1202 2662 et
1223 2606 1310 2662 tertio
1325 2606 1465 2663 canonice
1484 2608 1524 2664 ad
1543 2608 1728 2665 audientiam
1753 2615 1873 2666 aeratus

167 2695 293 2768 longum
317 2703 404 2754 esset.
422 2695 500 2765 Quid
521 2697 640 2753 morosi
661 2693 797 2767 Correpti
817 2696 995 2766 gravitaret
1047 2693 1511 2766 suerit,etuenirenoiuerit‚qued
1525 2693 1871 2752 indeesconamunicstus

167 2786 237 2844 iacti
249 2788 373 2861 turpiter
381 2786 624 2844 abhominabiles
633 2786 663 2843 in
674 2783 782 2842 studiis
794 2786 932 2858 pessimus
940 2785 995 2842 bu·
1013 2818 1034 2875 C
1048 2782 1190 2855 nequead
1202 2796 1262 2839 eam
1279 2783 1356 2839 dum
1366 2782 1467 2840 aditur
1482 2783 1700 2851 estiteritoua
1714 2784 1740 2841 si
1757 2788 1799 2840 ita
1810 2800 1870 2844 esse

164 2877 496 2950 inssymoniie,omnes
511 2876 563 2948 qui
578 2881 648 2931 tunc
658 2874 988 2948 aderentepiecopales,
1046 2870 1160 2927 nollem
1167 2869 1513 2939 credere‚dieedareturet
1520 2872 1796 2929 audientianobiset
1804 2872 1854 2930 itii
1860 2890 1867 2943 ;

166 2964 298 3023 maxime
313 2980 383 3021 vero
395 2970 425 3020 et
437 2964 592 3020 ardentius
603 2963 711 3032 clerici,
722 2962 915 3022 subtilissime
928 2978 993 3020 esa·
1045 2961 1074 3016 si
1085 2965 1216 3031 reportet
1231 2973 1369 3016 mersare
1379 2960 1417 3015 ab
1430 2958 1485 3027 bis,
1498 2975 1558 3017 non
1564 2961 1817 3018 contradiceretur
1832 2964 1867 3021 ei.

165 3054 327 3110 minatione
359 3059 389 3110 et
411 3052 598 3110 astutissime
628 3053 857 3124 pertractatione
887 3069 992 3127 quere·
1045 3049 1126 3107 Talia
1137 3065 1208 3106 eum
1223 3048 1341 3107 anobis
1354 3051 1497 3107 Metenscs
1509 3049 1677 3119 audissent,
1694 3052 1869 3110 nesciebant

161 3140 884 3215 bant,quomodonobisdeoeptistierimannum
900 3142 990 3198 intru·
1044 3138 1118 3210 qnid
1150 3138 1221 3194 certi
1242 3138 1331 3194 nobis
1354 3138 1537 3211 respondere
1567 3145 1711 3212 possent:
1735 3147 1869 3198 attamen

162 3229 278 3298 dorent,
291 3235 322 3288 ut
337 3230 380 3287 sie
391 3230 541 3304 promisse
553 3228 613 3286 sibi
628 3228 806 3302 acciperent,
818 3236 869 3287 eut
883 3246 989 3304 aecep-
1044 3226 1391 3285 aviditasardentissima
1400 3227 1586 3298 gravissimas
1596 3230 1638 3285 eis
1646 3230 1803 3303 promissa
1816 3236 1869 3288 aut

161 3325 193 3378 ta
215 3319 408 3387 deservirent,
431 3324 494 3385 eut,
518 3317 545 3374 si
565 3333 622 3375 nos
641 3333 741 3393 neque
760 3323 828 3376 estu
851 3319 989 3392 decipere
1040 3316 1192 3389 iumdetes
1203 3316 1338 3389 pecuniae
1351 3315 1476 3387 urgebat
1485 3332 1536 3375 eos
1560 3317 1588 3374 in
1600 3334 1706 3375 omnes
1715 3318 1868 3376 anfractus

160 3423 260 3481 neque
274 3408 304 3465 ri
318 3414 371 3466 eut
387 3408 505 3466 ratione
523 3411 645 3479 possent
667 3406 815 3477 nangeio,
832 3408 988 3480 quomodo
1043 3404 1094 3462 ire.
1111 3405 1185 3472 Quid
1202 3403 1481 3479 tandemitpsemet
1494 3407 1655 3480 episcopus
1668 3408 1705 3443 ¹⁸⁰
1716 3407 1870 3480 incapita-

160 3501 244 3554 tanta
258 3497 302 3554 eis
317 3497 468 3571 promissa
482 3495 606 3568 autjem
620 3495 692 3554 deta
705 3495 793 3554 illuso
806 3496 987 3554 iterimanno
1040 3493 1104 3551 inm
1132 3500 1269 3553 nostrum
1295 3496 1384 3567 veuit,
1405 3496 1431 3550 si
1459 3494 1534 3553 forte
1557 3496 1604 3553 vet
1628 3497 1694 3569 eius
1718 3497 1870 3569 presentia

159 3585 329 3643 retinerent.
359 3585 415 3651 oni
447 3583 690 3658 frequentissime
723 3584 883 3641 nobiseum
916 3586 986 3642 inde
1040 3584 1138 3658 frangi
1156 3590 1261 3658 posset
1271 3584 1397 3641 fratrum
1412 3585 1604 3658 constentts3
1628 3585 1682 3642 sed
1710 3602 1781 3642 cnm
1804 3602 1869 3643 uon

160 3673 300 3746 agebam,
321 3678 350 3731 et
370 3687 441 3731 oum
464 3689 563 3747 neque
584 3672 700 3731 ratione
724 3688 866 3745 superare
886 3690 985 3748 neque
1041 3680 1153 3748 posset,
1166 3674 1272 3732 saitem
1285 3673 1354 3731 loeo
1368 3673 1487 3731 abbatis
1495 3675 1642 3740 suadebat
1654 3675 1867 3734 nobistemdiu

159 3771 228 3822 astu
245 3769 371 3838 possent
393 3764 540 3836 decipere,
562 3762 704 3833 malignis
725 3762 825 3820 verbis
848 3769 878 3820 et
895 3765 986 3822 minis
1039 3763 1125 3821 ilium
1146 3763 1305 3821 nobiseum
1327 3763 1399 3835 pati,
1428 3762 1746 3836 donecdisouteretur
1776 3763 1866 3821 nobis

157 3867 251 3927 quem
266 3853 403 3926 plurimis
417 3852 598 3911 afficiebant.
609 3854 650 3909 tte
665 3853 985 3912 tamenomnesbicta·
1039 3853 1227 3927 presentibus
1239 3851 1331 3911 ttettis
1342 3852 1380 3909 de
1394 3852 1442 3909 his
1458 3853 1519 3909 suis
1533 3853 1639 3928 outpis.
1656 3856 1770 3911 Fratres
1793 3869 1865 3911 vero

157 3946 227 4009 teat,
242 3942 316 4015 quid
331 3942 419 3999 nobis
434 3940 653 4015 proponebant,
669 3945 697 3998 et
711 3940 785 4014 quid
799 3957 855 3999 nos
867 3943 910 3998 eis
923 3958 986 3999 res·
1038 3942 1076 3999 de
1086 3941 1281 3999 discussionis
1295 3941 1374 3999 iilius
1390 3941 1439 4000 die
1453 3942 1632 4000 omnimodo
1640 3943 1863 4012 acclamabant,

156 4030 376 4104 pendebamus,
388 4032 494 4104 paucis
507 4031 556 4087 hic
568 4034 713 4087 muctare
722 4028 903 4089 sumsimus.
920 4032 985 4089 Aie-
999 4049 1022 4106 1)
1037 4032 1090 4088 sed
1103 4031 1186 4106 quod
1208 4036 1277 4089 ante
1291 4030 1513 4088 discussionem
1527 4033 1558 4088 in
1583 4031 1651 4089 loeo
1666 4032 1785 4090 abbatis
1810 4038 1866 4091 aut

155 4119 231 4176 bant
246 4135 253 4176 τ
267 4119 343 4176 Cum
355 4120 469 4190 Poppo,
485 4122 537 4193 eui
550 4118 737 4176 Herimanno
748 4119 847 4176 biettis
858 4121 891 4176 in
909 4123 983 4192 epis-
1037 4122 1125 4178 etiam
1139 4120 1238 4178 fratris
1249 4120 1325 4177 inter
1348 4136 1401 4176 eos
1424 4125 1503 4177 stare
1524 4119 1656 4191 deberet,
1672 4121 1864 4180 nullomodo

154 4207 983 4278 copataosnoniceeuccessit,Herisnannoituicabbntiarn
1035 4210 1098 4284 pati
1109 4209 1259 4275 sotebant,
1274 4208 1400 4264 maxime
1414 4223 1485 4265 cum
1497 4208 1632 4266 ecclesia
1648 4210 1816 4267 Leodiensis
1829 4210 1863 4267 in

154 4298 257 4356 Mettis
280 4299 406 4365 dederit,
429 4298 573 4372 quomodo
591 4297 708 4356 audetis
732 4299 809 4355 dorso
836 4301 900 4370 ejus
914 4317 983 4358 con·
1035 4304 1152 4355 tantum
1167 4313 1222 4371 pro
1247 4295 1589 4354 excommunicationum
1616 4298 1749 4361 heberet,
1766 4303 1797 4355 ut
1815 4299 1863 4356 di-

153 4387 982 4462 tradicene,ouieanonieusiuitepiecopusionibueira-
1033 4387 1138 4444 vinum
1167 4384 1307 4442 ncciesiae
1344 4391 1454 4442 nostrie
1480 4385 1613 4443 citicium
1649 4386 1859 4459 interdixisset,

153 4479 230 4533 tres:
243 4478 410 4547 popponem
420 4478 579 4535 Hetensem
589 4478 880 4547 postiinisnennum
893 4492 982 4535 cano·
1032 4474 1178 4550 quamdiu
1194 4474 1271 4531 intra
1285 4472 1395 4531 atrium
1416 4480 1444 4531 ct
1466 4475 1582 4532 curiam
1605 4482 1742 4533 nostram
1757 4481 1858 4551 esset;

151 4567 253 4621 nuens
261 4566 980 4636 episcopumfutssenonneeamus,sedHerinon·
1033 4561 1383 4636 communicarequonon
1399 4551 1860 4632 audebant,euiLeodiensisnon

149 4669 223 4710 num
238 4652 694 4711 eanonicamdnnnmabeonon
704 4655 860 4725 aempnse,
877 4657 981 4715 tu'sro·
1033 4652 1270 4713 communicaret
1282 4650 1425 4722 ecclesia,
1437 4653 1584 4726 quoniam
1598 4652 1636 4709 de
1655 4663 1720 4727 eJus
1738 4670 1812 4712 cura
1830 4661 1861 4714 et

150 4742 757 4815 tunibeeueousadmaioremauttsentiam
767 4745 981 4817 mproburepa.
1033 4742 1246 4802 communione
1266 4746 1361 4800 erant.
1379 4742 1440 4800 Sub
1461 4742 1518 4799 bae
1532 4740 1717 4800 dissensione
1730 4744 1779 4801 die
1806 4743 1859 4804 illa

149 4832 553 4904 metaumaucensis
566 4831 758 4890 scientiarum
770 4832 875 4892 decissa
888 4849 979 4907 mam
1032 4831 1199 4906 capitulum
1219 4834 1359 4888 nostrum
1381 4829 1513 4887 solutum
1540 4837 1594 4898 est,
1624 4831 1789 4890 muneratis
1815 4833 1857 4892 ab

150 4923 286 4984 bumana
297 4923 327 4963 ¹¹²
342 4922 455 4981 nonore
467 4926 495 4979 et
508 4920 629 4978 nomine
641 4920 756 4980 abbatie
769 4921 809 4980 sit
820 4921 976 4996 indtensn.
1031 4915 1857 4995 tierimennoidegreterentibusmunerandisquemulto

147 5009 975 5087 decentio,estadeiunrtoabbatesuoii·etribascirceia·
1029 5011 1140 5084 egriua.
1155 5008 1348 5069 consolatum
1367 5012 1467 5065 tamen
1481 5023 1551 5066 eum
1573 5014 1692 5077 etsuos,
1704 5008 1781 5067 sicut
1806 5008 1857 5068 iu·

147 5103 308 5171 mantibus,
321 5116 376 5173 per
387 5103 446 5158 uim
461 5103 487 5158 et
497 5101 716 5171 perpereniam
732 5107 822 5172 etpcr
837 5102 974 5162 muntem
1028 5104 1180 5168 venerant,
1191 5093 1580 5171 reliqueruntioltentesque
1589 5114 1691 5156 secum
1706 5098 1855 5170 grandem

146 5189 359 5251 manumduris
372 5188 728 5264 Godefridi,adquemnii
733 5183 912 5263 pertinebat,
927 5207 974 5252 ne·
1027 5206 1121 5265 quam
1144 5188 1184 5247 ab
1198 5201 1234 5245 eo
1260 5188 1440 5258 sumperunt
1463 5186 1632 5259 pecuniam,
1648 5191 1677 5244 et
1703 5202 1853 5260 magnum

828 5291 944 5367 isnin
965 5289 1166 5371 miriones.

180 5402 304 5466 *reon
339 5402 503 5464 etstan
540 5405 569 5442 ¹¹2
586 5403 667 5463 deest
682 5404 717 5464 n.
754 5404 876 5466 “dum
900 5408 938 5467 Γ.
976 5390 1008 5447 '¹³3
1027 5409 1080 5469 eut
1100 5403 1254 5480 protessus
1278 5402 1486 5463 estdesuntD.
1523 5404 1559 5441 ¹⁸·
1584 5402 1853 5478 adelberosaper·
