3884 6050
179 278 239 343 utu
668 271 798 337 taonis
817 269 1022 336 ileSlCANl
1040 269 1089 334 ΕΤ
1109 272 1216 334 ruint
1237 271 1390 335 oncant
1830 275 1891 337 880

198 410 243 468 34.
264 409 308 467 De
316 404 526 465 renuntiatione
537 405 670 480 Panduifi
683 406 790 464 canetis
803 406 971 463 Preseneane
984 403 1018 460 de
1026 403 1122 461 castris
1129 403 1257 476 barbula,
1273 404 1427 463 Cucurntio
1438 411 1464 462 et
1475 421 1554 463 rocoa
1566 405 1598 462 de
1609 405 1727 465 Baetra.

196 501 242 555 85.
263 498 303 555 De
314 495 437 554 adventu
457 495 571 553 iienrici
581 495 768 570 imperatoris.
1390 490 1394 499 '

194 588 241 649 36.
262 586 387 657 Qualiter
400 584 549 642 Parabalis
562 601 637 658 papo
646 583 789 643 mandavit
803 582 971 656 inperatori
983 581 1124 658 praedicta,
1139 586 1171 640 ut
1185 581 1323 642 sabiberet
1335 583 1362 640 ei
1375 582 1568 643 obedientiam.

194 678 239 735 37.
260 675 384 744 Qualiter
396 673 466 730 idem
476 677 627 748 imperator
641 673 760 731 intrauit
775 673 902 731 Romam.

197 766 243 824 38.
265 766 299 822 De
313 764 442 841 captione
451 763 595 821 Pascbalis
607 778 696 837 papa,
711 762 905 833 cardinalium,
920 760 1103 830 iconarum,
1116 778 1147 821 ao
1162 762 1307 821 loicmum.

201 856 245 915 80.
265 857 305 915 De
317 871 411 931 puppa
422 854 610 913 Romanarum
619 870 680 915 vum
695 851 864 911 Pannonicis,

200 945 247 1002 iit.
266 947 306 1001 De
319 942 498 1001 coronatione
510 942 579 999 dieti
592 943 773 1015 imperatoris
785 942 820 999 ab
834 940 923 1000 eadem
935 958 1010 1015 papa
1023 949 1145 1013 recepta.

201 1035 248 1092 ii.
269 1036 308 1089 De
335 1032 504 1090 &mentione
536 1033 660 1090 occlusae
684 1033 775 1090 sanati
801 1031 916 1104 Tiona,
949 1030 1023 1098 situ,
1048 1039 1126 1090 satra
1155 1038 1278 1090 castrum
1312 1031 1398 1090 Vallis
1429 1031 1552 1108 tripida,
1579 1039 1606 1090 et
1630 1032 1663 1090 de
1691 1033 1829 1092 miraeum
1857 1034 1900 1091 ibi

293 1123 376 1194 sacta

203 1213 248 1272 ts.
269 1212 312 1272 De
323 1211 401 1270 obitu
415 1212 510 1269 sancti
520 1212 614 1270 Bruni
627 1209 747 1282 epicopi
755 1208 902 1282 Sarranis,
916 1208 1081 1281 etpuanada
1095 1210 1234 1269 abbatiam
1242 1208 1389 1268 dimiserit.

201 1302 247 1358 43.
268 1301 309 1359 De
319 1301 427 1374 aripinc
438 1307 463 1356 et
477 1300 508 1356 de
522 1299 687 1372 infantione
698 1298 730 1354 de
740 1297 913 1354 ordinatiane
926 1297 1044 1355 Qui-ordi
1058 1298 1167 1356 abbme's
1179 1299 1260 1373 nujus
1275 1300 1340 1357 laci.

201 1391 247 1447 ii.
268 1389 394 1458 Qualiter
405 1389 430 1445 b.
445 1389 611 1446 Benedictus
624 1387 735 1445 sanavit
746 1388 866 1459 {inanem
875 1387 907 1443 dc
917 1386 1073 1460 ilbaspina,
1088 1395 1114 1445 et
1129 1389 1421 1461 postmadvmetieatus
1432 1388 1489 1462 suit
1502 1388 1660 1446 monacbeu.

201 1479 247 1537 85.
268 1479 400 1547 Qualiter
421 1478 558 1536 Girardus
579 1476 665 1535 abbas
683 1482 744 1551 post
762 1476 1006 1546 confirmationem
1020 1474 1186 1535 aPascltole
1202 1492 1280 1552 papa
1299 1476 1419 1535 obtinuit
1432 1476 1613 1551 privilepiuen
1624 1476 1661 1536 de
1675 1476 1899 1549 libertatebup'us

293 1557 462 1625 monasterii}

203 1658 248 1715 46.
270 1656 396 1724 Qualiter
407 1654 523 1713 Annas
535 1654 687 1729 imperator
700 1653 1022 1727 Constantinopolitanae
1035 1653 1167 1728 deleparit
1177 1654 1311 1729 modiolo
1322 1654 1456 1729 pontifici,
1474 1660 1506 1712 ut
1522 1654 1722 1727 imperatorem
1739 1655 1898 1715 bismantum

293 1762 356 1802 eum
367 1752 523 1802 mrosarct.

206 1835 253 1895 nr.
272 1836 310 1892 oe
321 1831 671 1909 animumanimum
683 1838 709 1888 n
722 1831 843 1890 comeo
857 1831 887 1888 n
900 1831 1026 1905 pirena
1042 1834 1243 1891 consonano
1255 1832 1412 1890 anieron
1422 1834 1455 1890 en
1466 1816 1735 1909 macricuria.

207 1925 252 1982 ⁴8.
273 1922 313 1980 De
322 1923 442 1981 adventu
453 1923 567 1995 Raperii
581 1923 630 1958 ⁸⁸2²
644 1921 721 1979 duces
734 1921 770 1977 ad
781 1922 853 1977 buna
863 1920 962 1986 laeum,
976 1925 1003 1979 el
1016 1920 1048 1978 de
1060 1921 1185 1981 libertate
1195 1922 1229 1979 ab
1242 1922 1335 1981 eadem
1350 1928 1482 1995 concepta
1495 1922 1547 1960 ⁸⁸¹⁸
1559 1921 1713 1979 bominibus
1726 1920 1898 1987 Castelliani,

296 2028 329 2068 ac
341 2012 373 2069 de
387 2011 558 2070 eoncessione
567 2010 665 2069 Sancti
674 2010 756 2068 Petri
769 2026 800 2067 sn
817 2011 946 2067 Tarento.

204 2099 250 2157 ii).
271 2101 401 2169 Qualiter
415 2100 485 2156 idem
496 2116 568 2173 papa
581 2099 721 2156 investivit
735 2098 913 2156 Guiliclmum
924 2098 1019 2156 ducem
1031 2097 1149 2158 ducatus
1158 2099 1271 2172 Apollo
1281 2105 1309 2158 et
1321 2099 1468 2159 66166νί6.

205 2191 251 2246 50.
271 2189 401 2258 Qualiter
415 2189 475 2246 Asa
495 2189 613 2247 deconsu
625 2194 652 2244 et
668 2187 741 2245 socii
761 2187 837 2244 ns'ssi
854 2188 886 2244 in
903 2186 1073 2256 Sardiniam,
1087 2204 1148 2246 cuns
1166 2188 1229 2262 ipsa
1243 2189 1319 2264 eapti
1335 2197 1402 2247 sunt
1418 2188 1622 2256 asarenam,
1639 2194 1666 2247 et
1677 2202 1729 2262 per
1741 2188 1901 2262 Raperiusn

292 2278 387 2334 ducem
400 2277 505 2335 Sicilia
520 2276 634 2333 liberati
643 2279 717 2333 sunt.

202 2366 250 2424 51.
269 2366 397 2435 Qualiter
420 2365 506 2423 dutus
531 2363 651 2423 decanus
673 2363 818 2437 defunctus
840 2364 909 2438 fuit,
933 2369 959 2423 et
975 2366 1130 2441 lampadem
1148 2367 1260 2441 plenam
1283 2383 1363 2442 aquo
1387 2368 1419 2424 in
1436 2382 1541 2426 norem
1562 2365 1616 2424 olei
1634 2366 1902 2440 temperas-dentem

294 2456 355 2514 visa
371 2454 421 2515 eit.
748 2494 751 2499 -

203 2545 250 2603 52.
270 2545 399 2613 Qualiter
409 2559 534 2602 eonceua
546 2542 604 2618 {ait
616 2542 680 2601 buic
692 2543 860 2603 monasterio
868 2543 980 2602 &natu
991 2540 1108 2618 Apatna
1120 2544 1151 2603 in
1163 2546 1302 2604 noersana
1310 2545 1432 2604 civiate.

204 2635 250 2692 56.
269 2635 312 2692 Ite
324 2634 500 2692 renovatione
512 2632 628 2691 Sancta
638 2633 741 2693 biario
757 2634 787 2690 in
802 2634 917 2706 cinola.

205 2723 252 2782 tt.
272 2723 399 2792 Qualiter
410 2723 562 2796 Ranparda
575 2738 651 2781 uuor
663 2723 786 2781 Recordi
798 2726 824 2780 et
834 2723 944 2797 Aquita
953 2723 1095 2783 subtranit
1108 2740 1127 2781 a
1138 2729 1270 2798 potestate
1286 2723 1369 2796 buius
1380 2722 1543 2782 monasterii
1554 2722 1698 2781 eeclesiam
1708 2722 1802 2780 sanai
1813 2724 1899 2779 Basse·

294 2812 362 2870 dicti
371 2812 404 2869 de
417 2814 524 2879 Suessa,
539 2812 639 2871 etaliie
649 2811 874 2884 possessionibus.

204 2903 250 2960 55.
270 2902 396 2974 Qualiter
409 2901 535 2960 dedicata
552 2908 593 2959 est
606 2901 716 2960 eulesio
729 2903 820 2960 sancti
837 2901 983 2962 Vinceniii
998 2902 1030 2959 de
1046 2903 1194 2970 Vulturno,
1216 2908 1244 2961 et
1263 2901 1295 2958 de
1307 2902 1445 2961 miracula
1463 2903 1494 2959 in
1504 2901 1580 2960 obitu
1594 2898 1747 2959 Alamanni
1766 2899 1900 2958 nmacni

293 2991 377 3050 estius
386 2989 639 3064 manasteriit'aato.

204 3083 251 3140 56.
271 3081 399 3149 Qualiter
413 3080 535 3138 bomines
552 3080 584 3136 de
598 3081 704 3138 Sancta
718 3081 854 3138 amnena
867 3095 939 3153 saepe
953 3080 1068 3138 rebelles
1082 3082 1289 3151 inlinuntur
1302 3081 1645 3141 devonstrnctionerocan
1658 3079 1782 3139 lanula.

202 3170 250 3226 57.
270 3168 397 3235 Qualiter
408 3168 517 3224 vanites
531 3167 705 3225 Praensam
714 3174 864 3223 renuerunt
877 3183 954 3224 annue
962 3169 1012 3241 jus
1026 3177 1176 3242 competens
1187 3171 1217 3226 in
1225 3176 1316 3228 castro
1332 3171 1449 3229 camini
1458 3171 1521 3228 buia
1531 3169 1717 3228 monasterio.

202 3258 249 3314 58.
268 3255 309 3314 De
323 3254 443 3329 quodam
456 3254 555 3323 milite,
579 3255 631 3327 qui
652 3255 683 3311 in
702 3255 814 3329 Apulia
834 3255 865 3311 in
882 3256 996 3328 svaran
1014 3255 1163 3326 damasus,
1189 3259 1346 3333 caeninam
1363 3260 1513 3332 inamatus,
1528 3276 1578 3333 per
1590 3258 1701 3318 beatum
1714 3257 1901 3316 8666666666

291 3344 404 3403 eastitit
419 3344 562 3400 liberatum

203 3433 248 3491 59.
268 3432 309 3490 De
326 3431 489 3504 quibusdam
504 3430 757 3490 renuntiationibus
776 3437 802 3490 et
820 3432 1002 3491 oblationibus
1023 3435 1090 3494 nuic
1112 3435 1278 3495 monasterio
1297 3437 1389 3511 iactis,
1409 3452 1443 3496 ao
1456 3437 1491 3495 cie
1502 3435 1634 3496 electione
1646 3441 1674 3495 et
1685 3435 1901 3507 mmmatione

292 3519 435 3578 abbatissa
449 3520 541 3578 tancti
548 3520 684 3578 lobannis
698 3523 729 3579 in
740 3520 843 3594 Capua.

205 3610 250 3668 60.
272 3609 396 3678 Qualiter
409 3608 489 3665 abbas
502 3609 584 3681 bajus
595 3610 755 3668 monasterii
767 3610 850 3668 abbas
861 3610 990 3670 abbatum
1005 3618 1131 3673 oomtur.

203 3700 251 3758 bi.
271 3697 402 3768 Mirr
413 3699 568 3770 imperator
579 3698 719 3756 ilenricus
729 3700 991 3775 Romaminprsssus
1000 3707 1053 3760 esi.

204 3788 250 3846 62.
270 3789 313 3846 De
326 3793 485 3846 terramala
496 3786 624 3845 mirabili
631 3790 689 3859 [ere
698 3806 747 3861 per
759 3795 844 3848 totam
864 3790 986 3847 b'taiiam
997 3794 1080 3862 tacta.

204 3878 250 3936 63.
271 3878 404 3946 Qualiter
415 3875 552 3934 liobertvu
569 3893 621 3934 rea
634 3879 791 3951 inpiorum
804 3879 908 3954 lepatm
927 3880 964 3936 ud
984 3880 1031 3937 baa
1046 3882 1243 3940 monasterium
1263 3879 1376 3948 dicerit,
1398 3888 1425 3939 et
1443 3880 1475 3937 de
1488 3879 1648 3955 quibusdam
1662 3877 1852 3939 nemoribus
1866 3880 1903 3934 in

293 3965 403 4024 Sicilia.

203 4054 249 4113 ui.
269 4055 308 4113 De
320 4054 659 4129 macerationum,
672 4062 697 4114 et
714 4056 749 4114 de
762 4057 891 4116 ivianus
905 4057 990 4131 bajus
1002 4059 1164 4117 manuterii
1184 4059 1331 4130 nwnacina,
1351 4060 1399 4133 qui
1410 4061 1436 4117 ei
1449 4076 1483 4115 en
1493 4064 1629 4133 papatum
1640 4057 1786 4129 succeseit,
1800 4070 1839 4114 ae
1851 4055 1903 4113 ds·

259 4149 262 4154 '
290 4144 431 4203 dirutione
443 4143 564 4201 66616666
574 4144 666 4202 sandi
673 4144 771 4204 biauri
783 4147 814 4202 in
825 4146 965 4205 Francia.

202 4234 247 4291 65.
269 4233 399 4303 miter
410 4232 481 4290 idem
495 4238 671 4292 terremotus
685 4235 796 4293 neritis
811 4236 885 4294 beati
896 4235 1040 4294 Benedicti
1048 4236 1163 4311 quievit.

200 4324 246 4381 66.
268 4322 398 4392 Qualiter
419 4322 519 4382 Petrus
545 4322 678 4380 6666666
699 4321 821 4397 receptus
840 4324 897 4397 suit
917 4325 950 4381 in
974 4325 1135 4382 manebam
1159 4325 1193 4382 ab
1215 4323 1308 4383 abbate
1332 4325 1460 4393 dirario,
1481 4330 1509 4383 et
1523 4331 1588 4401 quot
1612 4323 1697 4384 libros
1726 4327 1753 4380 st
1780 4320 1902 4381 omelias

290 4411 367 4483 teon.

200 4500 247 4558 67.
269 4502 304 4557 ite
314 4498 687 4573 natantianatantia,
700 4501 927 4577 cecinissetque
939 4505 1028 4561 urvis
1042 4503 1073 4560 in
1084 4503 1216 4561 Sardinia
1228 4504 1290 4562 nuic
1305 4508 1471 4564 monaterio
1484 4506 1625 4565 mnnssin

201 4590 247 4646 68.
268 4589 398 4657 Qualiter
409 4606 483 4663 papa
496 4590 627 4649 6666666
639 4588 676 4645 ad
684 4590 732 4647 boe
744 4593 942 4649 monasterium
952 4594 1038 4651 venit.

204 4678 249 4734 69.
272 4676 401 4745 Qsealiter
413 4678 633 4752 antiepiscopus
645 4678 799 4750 capuam
810 4680 966 4738 mirabatur
981 4688 1037 4739 tres
1055 4683 1179 4740 nausias
1198 4682 1363 4742 subtrahere
1385 4683 1470 4758 buius
1487 4683 1655 4744 nonasterii
1673 4699 1692 4741 a
1707 4687 1851 4758 poenum
1868 4693 1884 4737 t

294 4782 345 4838 per
357 4782 496 4825 summum
506 4767 664 4839 pmdtleens
674 4775 843 4828 annaeum
851 4772 988 4828 sententia
1001 4772 1062 4830 latu
1070 4771 1137 4845 inii.

206 4854 253 4912 70.
273 4854 401 4923 mallim
412 4855 483 4912 idem
500 4871 575 4929 papa
587 4856 700 4914 restitui
708 4857 776 4928 iecit
785 4857 848 4915 buia
861 4860 1022 4917 mmasterio
1033 4859 1132 4918 Sancta
1143 4861 1240 4920 biario
1255 4862 1288 4919 de
1300 4861 1412 4936 Cinpla.

208 4943 255 5002 tt.
274 4944 401 5013 Qualiter
414 4945 560 5017 Sparanus
568 4944 650 5001 abbas
658 4943 760 5004 obtulit
771 4946 835 5005 buia
844 4947 1011 5006 munio
1020 4950 1156 5009 morian
1169 4950 1258 5008 sanai
1269 4945 1392 5012 notu
1404 4949 1547 5009 ineirebs.

207 5033 254 5092 ts.
275 5033 402 5102 Qualiter
420 5032 520 5091 ventas
543 5035 674 5108 capuana
694 5035 753 5110 iani
770 5037 877 5095 tradita
896 5046 947 5105 est,
971 5042 999 5097 ci
1019 5040 1216 5099 nonasterium
1234 5041 1324 5099 sancii
1342 5040 1484 5101 benedieti
1502 5041 1533 5101 in
1547 5041 1642 5102 miens
1664 5041 1779 5103 mollaio
1793 5045 1900 5104 mansit

297 5121 427 5182 illusum.
527 5163 532 5170 .
827 5126 829 5131 '
1032 5129 1035 5132 “

878 5403 995 5464 VARIAE
1011 5401 1208 5466 LBOE'IONES

224 5669 277 5710 ⁴⁸⁷¹
286 5670 339 5746 lap.
352 5670 511 5733 Guilielmi.
548 5673 599 5713 ⁸⁸⁷⁸
614 5672 666 5749 lea.
680 5688 838 5735 66666666.
