3884 6050
11 176 80 235 arr
610 131 1107 236 neuroinm'ntvtnnsru.
1421 145 1423 152 ’
1635 184 1711 244 rats

13 319 61 360 on
78 302 118 361 ad
133 302 254 361 oculum
264 306 382 361 tantum
397 305 484 373 valet,
500 320 559 362 non
568 305 607 364 ad
618 305 829 375 ocnlnmspec-
844 303 869 363 Α
884 303 955 358 tare.
970 305 1029 360 Neo
1044 305 1158 362 mireris
1168 310 1317 363 mutatum
1326 322 1393 363 esse
1400 307 1564 366 adventum
1576 315 1709 370 nostrum

5 399 51 460 t,
80 407 141 448 non
157 392 265 463 pendet
279 408 316 448 ex
330 398 475 466 tempore,
499 409 659 468 perquem
688 393 828 449 absentes
883 389 1100 464 liadisponam,
1116 394 1191 451 sicut
1204 396 1401 462 intellexeras,
1417 398 1538 468 quando
1555 398 1711 457 nobiscnm

11 486 115 539 nanto
126 479 244 552 longius
253 489 440 555 separantur,
450 487 535 541 tanto
541 482 650 540 arctius
662 486 766 538 mutua
774 494 829 550 pro
884 493 960 542 eras,
975 481 1048 552 quia
1060 482 1151 553 hujus
1161 485 1203 539 rei
1217 485 1554 552 necessitasintervenit,
1562 494 1588 544 et
1606 489 1713 546 utiliter

3 586 29 626 a
44 568 245 626 sollieitudine
257 570 510 641 constringuntur.
534 574 592 628 Nos
610 575 687 627 certe
697 568 830 624 absentis
884 567 923 623 ad
935 568 1028 625 decus
1037 571 1121 640 regni
1135 571 1257 629 firmiter
1267 579 1312 630 est
1322 572 1448 630 laudata
1456 575 1495 631 ab
1509 576 1652 633 omnibus
1660 593 1713 634 no

11 657 566 732 iampliorem,quamdumadtuisti,
577 674 680 715 curam
688 658 828 727 gerimus,
884 655 952 710 stris
963 657 1112 729 expeditio
1128 664 1232 718 nostra
1244 677 1335 734 super
1358 662 1458 719 hostes
1484 663 1516 720 in
1542 663 1712 723 Flandriam

0 748 106 804 adm
122 764 182 821 quo
195 753 223 804 te
233 748 427 820 proveximus
442 749 545 806 animo
557 752 666 805 cuncta
680 746 733 803 tibi
748 761 831 818 pros-
885 742 970 815 (138).

0 866 1 879 2
22 837 417 910 rucupientes,adversaet
429 837 453 893 si
464 836 832 910 nonaecidantquiapos·
1279 838 1314 892 V.

6 925 374 994 untacoidereverentes.
388 925 470 983 Unda
479 925 614 982 maximo
622 924 709 981 nobis
719 922 831 995 gaudio
885 919 1044 980 nannetes
1060 924 1105 980 IV
1119 924 1189 993 imp.
1209 926 1289 983 dotis
1309 927 1412 984 litteris
1434 928 1461 984 S.
1478 929 1590 988 ottonis
1614 931 1711 989 Bamb.

8 1022 54 1085 st,
67 1015 153 1089 quod
167 1014 268 1071 adhuc
281 1014 419 1072 derebus
435 1015 494 1072 tuis
506 1021 607 1087 optata
616 1013 829 1087 comperimus,
1036 995 1182 1052 “Uillium
1194 1005 1293 1053 wilm
1308 998 1400 1066 filium
1413 1001 1561 1067 implorat·

10 1130 17 1153 ι
49 1103 188 1161 videlicet
207 1103 246 1161 ab
262 1103 394 1160 Ecclesia
417 1108 468 1160 tua
480 1101 645 1160 honorifice
664 1108 828 1173 receptum,
1163 1084 1266 1156 (Circa
1280 1101 1329 1141 (Μ’
1345 1087 1438 1157 11οΜ

0 1248 1 1251 ,
31 1198 87 1249 ata
100 1192 241 1249 omnibns
255 1192 488 1264 responsionum
501 1190 649 1248 habilibus
663 1196 692 1246 et
706 1196 830 1246 actuum
920 1188 1105 1246 llsrnmcusl).
1127 1188 1160 1247 G.
1181 1192 1214 1246 R.
1234 1191 1267 1256 l.,
1288 1192 1641 1267 Orrosrliabsnbergensi
1653 1199 1714 1271 spi·

5 1281 195 1355 mperantia
209 1279 372 1353 placuisse,
387 1284 416 1337 et
437 1280 467 1336 in
484 1279 663 1351 praestandis
676 1275 830 1334 beneflciis
885 1290 989 1349 scopo,
1005 1292 1061 1334 suo
1076 1278 1184 1335 dilecto
1196 1286 1224 1335 et
1244 1288 1324 1336 certo
1337 1279 1416 1338 fideli
1431 1283 1559 1351 gratiam
1572 1292 1601 1342 et
1623 1303 1713 1345 omne

12 1365 757 1425 ecessariamlaudabiliterexhibuissecautelam.
885 1363 1011 1422 bonum.

29 1459 99 1523 Qua
113 1456 152 1513 de
166 1473 198 1513 re
212 1455 404 1521 consulimus,
420 1456 577 1512 hortamur
598 1462 627 1511 et
652 1454 782 1526 petimus
799 1457 830 1511 ut
919 1454 1003 1510 Nunc
1013 1453 1189 1512 imminente
1212 1457 1385 1513 necessitate
1400 1458 1489 1516 debet
1504 1475 1648 1533 apparere
1662 1462 1711 1535 qui

11 1545 269 1610 uodlarisiaoias,
278 1561 316 1602 ne
324 1543 469 1616 primitias
478 1545 564 1601 bonas
575 1543 828 1609 lamoe,simanum
884 1538 944 1596 sint
956 1542 1060 1599 fideles
1076 1544 1174 1611 nobis,
1188 1550 1217 1602 et
1228 1547 1292 1618 ipsa
1307 1546 1455 1604 evidentia
1465 1549 1507 1604 rei
1519 1551 1711 1608 manifestan-

1 1634 158 1698 emiseris,
171 1633 290 1705 perdas,
305 1632 376 1707 quia
385 1634 466 1689 bona
475 1632 605 1705 inceptio
616 1632 681 1688 sine
696 1630 828 1704 finespe·
844 1662 868 1722 Β
883 1628 1013 1688 domest
1027 1633 1709 1705 quantumnosdiligantetbonoremnostrum.

4 1719 828 1795 iosicorporisinsturestsineeapite.Nemoteadelectu
882 1717 963 1773 Scins
982 1718 1073 1788 igitur
1098 1721 1180 1793 quod
1194 1737 1250 1778 nos
1273 1738 1370 1795 usque
1392 1725 1558 1781 wirzeburc
1574 1728 1714 1784 venimus

5 1810 210 1870 eclesiasticae
225 1809 392 1866 secundum
404 1810 553 1883 justitiam
570 1808 700 1866 utilitatis
718 1813 828 1864 terrore
882 1822 950 1862 curn
958 1807 1058 1864 mullis
1068 1810 1215 1875 militibus,
1224 1811 1355 1866 etadbuc
1363 1811 1471 1869 ibidem
1479 1813 1580 1886 plures
1590 1830 1713 1886 exspec-

0 1905 187 1972 etorqueat,
210 1899 304 1970 pretio
318 1897 427 1964 flectat,
455 1896 602 1954 suadendi
625 1895 717 1953 fellito
742 1895 828 1951 melle
883 1898 1713 1971 tamus,r.upientescumDeiadjntorioinimicosnostros

9 1988 134 2053 educat,
143 1987 283 2059 quoniam
292 1986 473 2044 lentatnshis
487 1985 638 2052 omnibus,
647 1985 672 2041 si
685 1985 829 2057 probatus
883 1983 1032 2052 invadere,
1041 1990 1070 2041 et
1079 1988 1628 2065 castrumnostrumNurenberc,quod
1638 1993 1715 2048 obsi·

5 2074 829 2149 ueris,iacilsomniapropulsubis.Siquidautemgrave
882 2072 963 2142 dent,
977 2073 1112 2130 liberare.
1129 2075 1313 2148 Quapropter
1327 2075 1389 2144 tibi,
1402 2076 1603 2151 sieutoptimo
1618 2079 1710 2148 fideli,

6 2166 58 2222 uis
73 2164 186 2221 viribus
196 2163 370 2231 aestimabis,
382 2180 418 2221 ac
431 2163 545 2221 nostibi
557 2162 829 2236 proculdubiosue·
883 2162 1018 2235 rogando
1034 2162 1216 2220 mandamus
1233 2170 1264 2219 nt
1275 2165 1310 2220 ad
1322 2181 1378 2220 nos
1393 2167 1494 2222 venire
1505 2166 1628 2224 lestines
1640 2184 1713 2225 eum

0 2269 142 2311 ursuros
155 2268 192 2309 ex
206 2254 299 2310 nostri
308 2249 728 2324 deterasoecssionepreeepti
738 2251 828 2321 (137).
882 2249 1023 2307 omnibus
1033 2266 1109 2323 quos
1121 2251 1230 2308 habere
1243 2254 1362 2324 poteris,
1373 2253 1508 2310 sicuttibi
1520 2256 1714 2314 confidimus.

883 2338 1011 2412 insuper
1022 2340 1112 2396 etiam
1127 2339 1283 2411 diligenter
1296 2346 1322 2398 te
1335 2358 1478 2412 rogamus
1490 2345 1559 2400 utin
1573 2346 1714 2418 praesenti

393 2412 438 2468 lv·
882 2432 1019 2485 nostram
1029 2428 1200 2486 consideres
1215 2432 1434 2497 necessitatem,
1450 2438 1478 2488 et
1503 2435 1535 2489 Α.
1560 2435 1608 2507 qni
1630 2435 1715 2491 nobis

3 2544 147 2601 mim
168 2543 215 2599 [γ
235 2545 302 2613 ὑπ’),
319 2542 530 2613 flammeus,-
548 2540 782 2615 mmmmm
796 2541 831 2598 d,
883 2521 926 2572 est
940 2519 1136 2586 necessarius,
1150 2519 1294 2574 concedas
1308 2519 1485 2577 beneficium
1499 2525 1716 2595 quodatepos·

198 2613 387 2685 expeditione
399 2613 433 2669 in
454 2613 634 2669 Ftunbiem.
884 2604 967 2671 tulat,
981 2605 1380 2678 animadvertensquomolo
1392 2625 1447 2665 nos
1458 2626 1588 2681 praesens
1598 2612 1714 2684 perieu-

430 2754 436 2766 ¹
517 2754 522 2764 Ι
884 2693 947 2751 lum
962 2694 1111 2767 compellit
1124 2695 1224 2751 multis
1237 2696 1417 2769 supplicare,
1428 2704 1456 2754 et
1466 2714 1570 2755 eorum
1579 2700 1716 2757 volunta·

310 2754 433 2825 (lacem
448 2754 547 2826 unns.)

885 2788 945 2839 tem
958 2782 1092 2839 faciendo
1103 2781 1186 2855 ipsos
1197 2784 1336 2842 innostra
1349 2784 1490 2843 fidelitate
1498 2786 1678 2845 confirmare
1686 2792 1716 2845 et

39 2899 189 2954 nmmos
214 2897 246 2953 p,
278 2896 312 2953 fl,
332 2897 365 2951 p,
395 2895 417 2952 1,
437 2896 481 2961 Α,1
501 2894 743 2967 pabenberggngi
772 2896 833 2969 epi·
885 2871 944 2928 hac
965 2872 1079 2928 ratione
1094 2871 1269 2927 constrictos
1293 2873 1390 2928 dehis
1418 2873 1498 2930 etde
1520 2873 1585 2930 aliis
1615 2876 1715 2933 multis

2 3031 7 3037 .
35 3002 107 3061 opo,
123 3001 179 3044 „uo
190 2984 270 3044 fideli
292 2983 479 3050 charissimo,
491 2983 619 3056 gratiam
640 2990 768 3042 &omne
782 2985 833 3043 bo,
850 3015 873 3076 G
887 2964 1066 3033 oportotnos
1081 2967 1107 3015 te
1117 2974 1223 3031 rogare
1230 2959 1413 3033 aliterquam
1422 2960 1575 3018 vellemus.
1585 2964 1640 3020 Sed
1649 2980 1714 3032 nos,

0 3102 14 3128 Ι,
28 3092 92 3133 nm·
888 3051 948 3106 lieo
962 3049 1089 3115 volente,
1112 3050 1135 3105 si
1154 3049 1335 3122 prosperitas
1350 3052 1515 3117 advenerit,
1544 3059 1571 3108 te
1584 3058 1613 3109 st
1626 3052 1716 3110 eccle

40 3165 113 3220 Cum
125 3163 177 3219 Dei
191 3161 376 3235 providentia
391 3166 545 3230 eimagnae
558 3160 676 3233 pietati,
688 3162 752 3232 ejus
764 3178 834 3219 00⁰,
887 3138 964 3195 siam
975 3138 1140 3194 tuamsicut
1152 3136 1279 3208 dignum
1290 3141 1661 3217 estrespiciamus.Debac
1672 3158 1715 3198 re-

2 3252 75 3311 silio
87 3252 232 3308 denoslro
244 3267 337 3323 regno
348 3249 460 3322 ubique
466 3248 621 3320 pacificato
634 3250 833 3320 gauderemus
887 3226 933 3283 5³⁰
949 3226 1116 3283 ⁸⁰⁰⁰⁰d⁰m
1129 3227 1211 3299 ΨΜ
1222 3227 1274 3283 fibi
1287 3226 1358 3284 dicii
1372 3232 1403 3284 Ν·
1416 3244 1452 3285 ⁰¹
1463 3230 1554 3286 ¹¹⁰⁸ffl
1569 3236 1660 3302 Ρᾶῑῑθ·

0 3367 11 3392 *t
23 3341 194 3398 dvenerunt
207 3339 297 3396 nobis
312 3337 406 3394 nuntii
420 3354 456 3394 ex
472 3343 554 3409 parte
567 3339 598 3395 G.
614 3338 697 3395 ducis
709 3338 792 3408 Loth,
806 3342 834 3395 et
1278 3354 1323 3411 vg

11 3438 34 3485 t.
50 3429 184 3485 Balduini
198 3428 314 3485 comilis
327 3427 512 3499 aliorumque
522 3425 655 3482 lidelium
667 3434 832 3484 nostrorum

2 3517 148 3576 marchia
163 3515 352 3575 Flandrensis
374 3516 556 3581 intimantes,
570 3531 622 3570 eos
637 3514 748 3571 diutius
773 3530 833 3572 non

2 3623 97 3682 posse
113 3606 259 3663 sustinere
273 3604 425 3662 molestias
448 3602 565 3660 lioberti
581 3603 709 3670 comitis,
723 3604 776 3676 qui
790 3620 832 3660 re·
925 3599 1074 3657 Hetnarcus
1091 3601 1124 3656 D.
1149 3603 1181 3658 G.
1198 3604 1230 3658 lt.
1247 3604 1269 3658 l.
1295 3606 1341 3669 A„
1358 3605 1463 3661 Orsoru
1475 3605 1717 3678 Babenbergensi

4 3711 103 3767 gnum
116 3694 371 3759 nostruminvasit,
387 3698 415 3749 st
429 3692 672 3764 adignominiam
685 3692 834 3761 omnium,
888 3688 1043 3761 episcopo,
1063 3688 1192 3760 gratmm
1206 3695 1235 3746 et
1249 3706 1338 3747 omne
1357 3690 1484 3749 bonum.

3 3783 61 3856 qui
78 3783 239 3850 iocosum,
250 3781 307 3839 sibi
320 3786 456 3838 nostrum
467 3781 713 3836 cameracensem
722 3781 835 3853 episco-
909 3846 912 3851 g
925 3778 1041 3833 Scimus
1061 3777 1133 3849 quia
1146 3778 1346 3846 legationibus
1372 3780 1425 3834 lilii
1439 3780 1532 3836 nostri
1547 3780 1717 3854 frequenter

4 3878 114 3947 patum
130 3872 293 3943 usurpavit.
309 3869 669 3943 Unde,quemadm0dum
681 3870 830 3927 reshorta
888 3864 1033 3936 latigaris,
1049 3864 1125 3920 sicut
1137 3864 1225 3920 nobis
1240 3881 1293 3938 per
1305 3871 1388 3921 tunm
1401 3867 1541 3923 nuntium
1555 3869 1714 3925 mandasti.

4 3961 232 4030 batur,nostros
239 3958 389 4031 principes
399 3963 582 4015 convocatos
590 3957 836 4021 consuluimus‚et
889 3951 1072 4009 Confidimus
1082 3957 1182 4008 autem
1197 3953 1235 4008 de
1251 3958 1308 4009 tues
1322 3952 1467 4009 bonitatis
1492 3954 1551 4012 lide
1565 3956 1648 4029 quod
1662 3973 1717 4014 nec

6 4048 47 4106 ab
58 4048 99 4103 eis
109 4049 258 4121 sapienter
272 4053 417 4104 renotata
429 4046 638 4103 constituimus
650 4061 754 4102 eorum
767 4062 836 4102 oon·
889 4040 1039 4113 precibus,
1053 4055 1108 4096 nec
1121 4041 1222 4109 minis,
1233 4056 1288 4096 nec
1298 4042 1552 4114 persuasionibus,
1565 4060 1621 4100 nec
1632 4045 1717 4102 blan-

6 4137 77 4195 silio
88 4152 143 4192 nos
152 4135 282 4192 lecturos
294 4134 550 4208 expeditionemin
559 4133 729 4190 Flnndriam
744 4149 833 4206 sttpra
889 4127 1286 4200 ditiisunquamaoquiescas
1294 4130 1402 4185 nostris
1413 4132 1579 4188 contrarius
1588 4131 1717 4190 inimicis

8 4221 836 4298 tamproesumptuosumbostcm,quinostermilesdebet
890 4215 1718 4290 sedsempertideliternobiscumpermaneasouantas·

7 4331 88 4375 esse,
104 4329 140 4368 ne
156 4311 267 4368 diutius
281 4311 317 4368 de
330 4312 538 4368 imminutione
553 4314 582 4366 et
596 4310 743 4367 dedecore
753 4310 836 4382 regni
853 4341 875 4399 D
890 4318 1009 4376 cunque
1023 4309 1124 4359 autem
1149 4306 1368 4376 persecutiones
1390 4306 1430 4362 ab
1453 4307 1581 4363 inimicis
1608 4309 1717 4365 uostris

9 4400 102 4458 nostri
115 4402 235 4473 impune
249 4400 412 4473 superbiat.
428 4400 488 4456 Hoc
503 4399 652 4471 siquidem
668 4405 729 4455 tam
743 4400 838 4456 mani·
890 4393 1048 4456 sustineas,
1072 4392 1241 4448 nullatenus
1254 4400 1354 4450 umen
1379 4397 1527 4463 terrearis,
1552 4397 1604 4451 sed
1618 4402 1716 4453 certus

7 4491 157 4548 lestumet
173 4493 234 4546 tam
250 4504 410 4545 commune
423 4487 507 4559 regni
523 4488 615 4545 nostri
636 4488 765 4545 dedecus
785 4488 838 4545 tibi
890 4480 1050 4553 estoquod
1065 4485 1093 4536 te
1115 4497 1176 4538 non
1191 4482 1363 4538 deseremus
1378 4482 1484 4538 sivein
1511 4498 1586 4556 pace
1609 4483 1717 4541 sivein

8 4577 86 4642 fleri,
103 4578 127 4631 si
143 4582 221 4633 tunm
232 4576 378 4633 honorem
390 4576 499 4647 diligis,
512 4590 637 4648 pensare
647 4575 736 4633 debes
747 4577 837 4634 cordo
890 4566 1032 4642 periculo,
1040 4566 1217 4624 etflduciam
1226 4569 1372 4626 habeasin
1380 4571 1583 4644 omnipotente
1593 4573 1717 4630 Domino

11 4674 113 4726 tenus.
891 4657 974 4729 quod
989 4654 1149 4713 nobiscum
1175 4656 1232 4713 cito
1261 4673 1279 4713 a
1293 4667 1436 4729 prasente
1449 4657 1624 4717 liberaberis
1641 4663 1717 4734 peri·

50 4756 84 4811 Ut
95 4752 182 4826 igitur
196 4751 318 4810 lideliter
334 4754 392 4809 hoc
407 4751 500 4808 iacias
514 4757 543 4809 et
559 4751 730 4822 prudenter,
753 4767 838 4824 roga·
891 4745 968 4802 culo.
985 4745 1067 4800 Sicut
1080 4760 1152 4815 ergo
1166 4745 1204 4802 de
1218 4748 1247 4801 te
1262 4746 1450 4816 confidimns,
1466 4755 1494 4804 et
1508 4764 1561 4820 per
1577 4751 1717 4806 nuntium

12 4858 81 4899 mus
95 4847 121 4897 te
142 4840 199 4896 sub
214 4856 266 4913 spe
281 4838 528 4896 remunerationis
543 4840 729 4909 gratissimas,
745 4846 774 4895 et
785 4855 838 4912 per
891 4840 977 4891 tuum
991 4834 1043 4889 tibi
1057 4834 1282 4899 mandavimus,
1295 4836 1332 4891 ad
1354 4835 1432 4892 diem
1446 4841 1476 4892 et
1490 4836 1602 4903 locum,
1624 4853 1716 4910 quem

10 4927 195 4992 fidelitatem,
208 4943 300 5000 quam
314 4926 403 4985 nobis
416 4933 444 4983 et
457 4942 551 4998 regno
565 4926 667 4993 debes,
677 4941 838 4983 monemus
890 4922 945 4979 tibi
957 4921 1156 4987 condiximus,
1171 4924 1270 4979 venire
1282 4939 1343 4980 non
1357 4924 1485 4981 dubites.
1513 4925 1603 4998 igitur
1617 4936 1670 4999 per
1684 4925 1718 4982 li·

13 5025 55 5085 ut,
70 5015 151 5073 omni
167 5016 326 5071 occasione
340 5015 503 5085 destructa,
513 5014 742 5071 sicuthonorest
753 5016 837 5085 regni
891 5010 968 5076 dem.
982 5026 1074 5083 quam
1088 5009 1543 5085 nobisdeb0⁸‚ssvq110pt00ibu⁸
1557 5015 1718 5087 nequsmi·

11 5112 102 5178 atque
116 5107 194 5166 tuus,
210 5101 248 5159 ad
257 5102 477 5175 expeditionem
486 5103 599 5166 venias,
615 5102 797 5175 sciensquod
806 5101 837 5158 in
890 5100 938 5154 nis
953 5098 1141 5171 aliquatenus
1160 5100 1304 5170 terrearis,
1333 5106 1365 5156 ut
1392 5101 1431 5156 ad
1462 5100 1557 5157 filium
1580 5107 1717 5161 nostrum

10 5192 150 5269 proximo
166 5191 242 5248 festo
259 5194 435 5248 Sanctorum
457 5190 597 5246 Omnium
615 5190 838 5262 Tungrisjuxta
891 5187 1088 5257 transferaris,
1102 5194 1131 5243 et
1141 5187 1180 5243 ab
1192 5188 1273 5243 omni
1290 5187 1420 5244 Ecclesia
1432 5194 1522 5262 atque
1534 5206 1588 5262 per
1611 5208 1717 5249 omnes

11 5282 147 5341 Leodium
158 5280 378 5348 conveniemus,
394 5280 485 5351 parati
499 5277 838 5353 superrlnndriameqni·
891 5276 1137 5347 congregationes
1147 5276 1200 5332 tibi
1210 5277 1389 5333 commissas
1401 5278 1551 5335 orationes
1561 5279 1718 5337 sineinter·

887 3475 951 3532 llio
967 3476 1094 3547 ejusdem
1101 3477 1223 3546 epistola
1233 3476 1274 3533 od
1282 3478 1409 3535 eumdem
1416 3478 1522 3537 similis
1533 3481 1714 3551 argumenti.

49 5414 125 5479 (tttt
143 5409 255 5484 Insigne
278 5408 480 5468 estimationis
514 5414 723 5484 argumentum,
747 5427 837 5484 quam
891 5407 1083 5464 declarantur.

13 5483 161 5546 lleinvious
173 5484 206 5539 lv
222 5482 293 5565 imp.
308 5498 379 5555 erga
390 5483 419 5539 S.
431 5482 568 5538 Ottonem
580 5483 708 5565 gerebat,
730 5481 838 5564 quosi-
926 5478 1001 5563 (tili)
1021 5479 1061 5562 lte
1086 5479 1141 5536 hac
1153 5480 1334 5563 expeditione
1348 5485 1377 5540 et
1389 5482 1511 5558 epistola
1524 5484 1651 5544 diximus
1672 5502 1718 5547 stt·

14 5555 77 5618 mul
90 5554 215 5631 ejusdem
230 5552 335 5611 intima
346 5569 432 5612 sensa
444 5555 480 5611 de
493 5552 683 5611 mdensstico
697 5552 838 5630 regimine
890 5567 945 5626 prs
957 5566 989 5608 tn
1001 5551 1068 5609 vrts
1074 5550 1197 5622 Ottonrs,
1211 5551 1284 5632 illl.
