3884 6050
187 103 239 162 ras
766 83 1084 149 nonunrrennsns
1101 85 1134 143 e.
1155 82 1338 147 rnuuouis
1746 66 1750 73 ’
1835 91 1891 149 aa

188 240 308 285 mareas
316 220 450 283 eudesius
459 213 842 288 eontulitetobhoolooum
852 212 1013 288 sepulture
1027 208 1219 281 lisanum,
1233 227 1302 288 qnae
1312 212 1340 275 ei
1351 212 1430 271 duos
1444 210 1557 272 solidos
1572 210 1717 280 solutu,
1727 209 1892 274 eteiiamin

187 313 220 375 iu
232 313 340 373 eodem
349 311 416 369 looo
429 307 487 366 sibi
499 310 530 366 et
543 305 629 365 uxori
642 321 707 364 sue
716 301 854 363 obtinuit
870 299 1013 374 Eiusdem
1066 299 1317 377 peludepositun,
1324 318 1376 361 sex
1386 318 1462 377 eqne
1473 302 1613 362 denarios
1618 302 1791 373 eoivmtem,
1800 304 1892 364 nobis

187 416 259 461 nee
277 396 423 471 temporis
449 398 550 454 oustos
567 392 709 470 predietoe
739 390 875 466 peounise
893 387 1014 464 pondus
1067 387 1160 457 dedit,
1175 391 1338 450 meosdem
1350 405 1494 450 nummos
1511 391 1543 451 in
1555 406 1631 451 aena
1650 391 1769 452 nemim
1782 409 1895 470 paupe·

188 501 358 553 uomens,
371 485 403 544 in
420 499 495 543 usus
515 482 649 541 eoeleste
666 479 819 556 expendit,
846 477 1014 550 etsiuuulis
1068 476 1152 537 ribus
1164 478 1503 555 admandetumpsrtiri
1512 479 1681 555 postulavit.
1693 480 1777 540 idem
1788 486 1897 557 postea

187 575 326 636 noctibus
337 589 370 631 se
383 572 485 631 iumen
502 571 545 630 ibi
556 570 699 630 daturum
713 566 888 645 spopondit,
902 570 933 625 et
950 581 1015 625 sue·
1068 569 1152 644 apud
1163 583 1222 628 nos
1231 569 1484 637 oouversueobiit,
1497 569 1743 645 etduospradiuti
1753 570 1896 632 bumenti

189 661 361 725 sessoribus
370 662 443 728 suis,
458 665 491 720 ut
516 659 546 719 id
558 659 656 718 iuuere
668 657 822 730 deberent,
834 654 1015 716 hereditario
1069 657 1186 716 modios
1211 657 1242 716 in
1265 657 1455 717 releotionem
1468 656 1592 718 bairum
1618 657 1836 733 expendendos
1863 660 1896 719 in

189 753 277 830 quasi
289 752 357 826 iure
370 751 498 826 reliquit.
511 752 579 808 Post
588 748 703 824 aliquot
716 752 818 807 autem
830 760 926 805 anuos
938 759 1016 804 uxor
1069 746 1276 806 anniversario
1285 762 1343 805 suo
1356 746 1517 806 eonstituit

190 844 256 917 alus
269 835 1016 912 inseoulodeluoota,anteoapitulum‚utaotenns
1105 836 1150 892 is.
1169 837 1244 894 cum
1267 835 1356 908 igitur
1379 835 1477 894 abbae
1497 834 1670 904 luicardae,
1696 836 1895 897 honestorum

190 932 329 1003 cernitur,
342 928 421 988 siout
437 927 480 987 eie
497 942 676 987 oonoemum
700 927 806 993 luerat,
825 930 869 984 eet
886 924 1014 999 sepulta.
1069 923 1202 982 virorum
1214 924 1320 983 erebro
1332 922 1555 995 lullusauxilio,
1564 939 1644 1000 opus
1657 924 1763 984 edifleii
1776 925 1808 986 in
1826 942 1896 985 ma·

190 1025 259 1082 Post
270 1021 357 1094 ouius
368 1018 485 1078 obitum
499 1017 563 1092 ipse
576 1015 669 1075 aliam
683 1013 917 1074 niuhilhomiuus
931 1013 1017 1072 duxit
1069 1028 1127 1071 nus
1139 1012 1384 1088 suseprosperari
1398 1011 1521 1082 videret,
1536 1014 1698 1073 eteoeiesia
1708 1014 1898 1075 flrmanndi·

191 1124 331 1182 uxorem3
341 1112 412 1166 atee
426 1112 497 1182 post
506 1105 696 1181 aliquantum
713 1101 1013 1179 omporisdetunom
1068 1116 1210 1177 (10οΜ
1220 1102 1465 1173 8⁸1¹<¹⁸¹¹⁸¹s00002
1482 1102 1588 1177 9⁸⁰⁶ss
1600 1102 1809 1178 ⁸³⁰5⁸⁰¹⁸P⁸i⁸
1822 1109 1897 1180 1³⁰⁸*

190 1198 289 1259 teroias
307 1212 428 1271 quoque
447 1195 548 1254 uxoris
573 1193 724 1253 oounubia
740 1190 895 1266 requisivit
911 1193 961 1259 ⁴¹⁴,
981 1207 1017 1251 ex
1069 1189 1180 1248 iaetsm
1191 1189 1449 1249 confirmationem
1461 1190 1696 1266 perdompnum
1706 1192 1898 1268 Stephanum

190 1302 253 1363 qua
263 1286 341 1344 duas
349 1284 427 1343 litias
441 1288 471 1342 et
480 1283 573 1341 fliium
588 1282 728 1355 susoepii.
741 1283 837 1349 Quam
849 1280 1017 1354 relinquens
1070 1281 1229 1337 nonnum
1240 1278 1420 1353 episeopum
1431 1279 1540 1353 dejure
1553 1280 1896 1356 pemriitbtiioervisim,

189 1380 221 1434 et
232 1373 552 1434 seouloabrenuntians
561 1370 779 1431 monasterinm
785 1369 915 1444 expetiit,
924 1370 1017 1429 etsub
1070 1382 1160 1442 quan
1171 1367 1230 1426 boo
1245 1367 1460 1426 monasterium
1473 1367 1512 1426 de
1526 1366 1654 1442 singulis
1664 1368 1790 1438 cambis,
1810 1371 1842 1430 id
1852 1377 1900 1430 eet

190 1463 337 1537 regularis
352 1461 548 1519 vitmlramite
561 1457 1017 1534 nobiseumperaliquotanuos
1070 1454 1215 1523 braxinis,
1227 1455 1305 1516 inira
1317 1455 1482 1516 libertatem
1493 1456 1576 1532 opidi
1587 1460 1683 1518 nostri
1700 1461 1799 1520 saneti
1822 1463 1899 1520 Tru·

191 1553 316 1612 honeste
333 1554 538 1621 conversatus,
553 1550 586 1607 in
603 1548 730 1608 nauum
749 1545 896 1606 uimiterio
909 1550 1019 1623 paueat
1033 1557 1055 1613 Β
1071 1544 1161 1604 donis
1182 1544 1274 1605 habet
1297 1546 1345 1616 ⁸¹⁸,
1360 1545 1585 1605 insurrexerunt
1610 1547 1641 1606 in
1657 1564 1729 1607 eum
1742 1549 1796 1608 viri
1811 1549 1898 1622 tales,

192 1641 336 1716 „pultum
1071 1634 1208 1710 quiaum
1232 1634 1372 1709 aquietis
1400 1633 1488 1709 portu
1509 1635 1724 1706 abstraherent
1740 1643 1899 1715 &tempe-

229 1734 271 1788 ii.
293 1728 386 1801 lituus
396 1728 498 1801 itaque
511 1725 604 1784 viriet
618 1725 668 1784 alii
679 1725 919 1784 honestatuvttae
931 1740 1018 1783 seem
1072 1720 1362 1781 stuosisiumultibue
1371 1721 1404 1781 in
1410 1722 1550 1795 gravium
1559 1722 1899 1789 afflietionemlaborum

193 1817 271 1878 lares
284 1821 429 1892 oeperunt
441 1815 606 1874 imitatores
613 1815 747 1887 existere,
763 1819 794 1873 et
802 1813 915 1873 crebris
927 1814 1019 1887 largi·
1072 1809 1664 1888 permoverentl‘rimateenamquavillae
1675 1820 1901 1876 nostreomues

191 1901 1019 1976 tionumsuarumbenelieiisqreliamabbalisetirstrnm
1072 1898 1328 1974 impotentiores
1352 1899 1422 1973 iure
1444 1899 1624 1961 oambarum
1645 1903 1677 1961 in
1701 1902 1775 1963 villa
1792 1909 1902 1964 nostra

195 1993 369 2055 sodetatam
383 1996 530 2067 expetere.
546 1990 1021 2066 interquosquidamlegnone-
1073 1991 1312 2047 oonstruolarum
1339 1987 1471 2047 eoelesiu
1494 1989 1611 2049 aniame
1630 1991 1726 2050 moliti
1748 1997 1828 2061 suut,
1852 2009 1902 2053 ss·

194 2079 1018 2152 minesexmuroasinadjutoriumediiioiorumeontulit,
1074 2080 1267 2135 mutasses
1280 2075 1355 2134 nulli
1364 2076 1562 2151 molesteturi
1572 2080 1738 2154 subissem,
1746 2086 1899 2156 putantes,

194 2176 223 2231 ei
236 2170 418 2244 singularem
426 2169 553 2226 iratrum
564 2166 735 2226 maletatem
746 2167 842 2226 sibiet
854 2168 940 2226 uxori
955 2183 1020 2225 ena
1074 2164 1145 2224 siin
1158 2164 1216 2222 hee
1234 2164 1375 2223 violentie
1388 2169 1493 2225 eontra
1509 2166 1651 2227 abbatem
1665 2169 1900 2244 prevaluissent,

194 2260 331 2320 obtinuit.
346 2262 425 2316 luter
441 2256 558 2332 reliqua
581 2255 672 2315 etiem
691 2256 818 2329 egregie
836 2256 1021 2317 liberalitatis
1074 2268 1127 2313 eae
1140 2257 1283 2328 perpetuo
1296 2251 1406 2313 liberas
1420 2270 1452 2313 se
1471 2270 1546 2330 pose
1557 2256 1691 2315 retinere
1707 2258 1903 2326 Quibusdam

195 2343 1021 2420 beneflniamaneioniseumdomnmeouiesiesdedit,que
1074 2342 1173 2401 abbas
1186 2342 1414 2401 auetoritatibus
1439 2343 1648 2419 episeoporum
1674 2361 1771 2422 nuper
1784 2348 1907 2423 aliquos

194 2437 283 2497 nobis
297 2433 522 2509 singulisaunis
536 2432 1022 2510 quinquesolidoesoIvit,quoein
1075 2430 1207 2490 monitus
1220 2428 1399 2500 ostenderet,
1421 2432 1474 2505 jue
1487 2433 1666 2494 cambarum
1686 2439 1800 2496 solvere
1814 2439 1907 2496 remi·

195 2540 252 2586 suo
263 2528 293 2583 ot
305 2523 408 2583 uxoris
421 2537 485 2581 sues
503 2521 709 2581 anniversario
728 2521 855 2581 tretium
868 2521 1022 2583 relautioui
1076 2524 1183 2587 lentes,
1196 2520 1270 2579 etob
1281 2518 1312 2578 id
1318 2535 1372 2595 per
1379 2522 1558 2582 mutentiem
1568 2526 1908 2587 sosexoommuuioatos

196 2612 359 2674 eonstitult.
374 2610 466 2685 ciuus
478 2609 651 2669 donationis
664 2610 815 2686 exemplar
828 2611 900 2670 huia
912 2616 1022 2671 nostre
1077 2624 1217 2669 asserem
1242 2608 1294 2684 qui
1314 2609 1517 2670 eontradioere
1536 2616 1742 2688 temptassent,
1767 2619 1796 2675 at
1810 2615 1907 2675 niolrii

196 2701 345 2762 naratiooi
363 2699 495 2759 inserere
512 2714 574 2757 uon
589 2698 791 2773 inoouqruum
803 2700 921 2759 videtur
934 2699 1021 2772 (526),
1076 2698 1240 2773 proflueret,
1254 2697 1602 2772 superillatasibieorum
1615 2701 1908 2779 viobnliaepisaopo

196 2789 460 2867 quemadmodum
482 2788 594 2862 scripto
618 2792 648 2847 et
668 2788 793 2848 testibus
810 2789 1024 2848 confirmatum
1077 2786 1197 2846 Heunsi
1212 2788 1376 2862 Stephano,
1402 2786 1486 2847 idem
1498 2788 1674 2849 semborum
1696 2792 1747 2866 jus
1771 2793 1909 2855 eoelesise

195 2878 373 2941 oontinetur.
390 2881 501 2938 bonius
510 2876 600 2950 igitur
611 2877 752 2951 prediola
764 2877 930 2938 mansionis
943 2877 1024 2939 sivel
1041 2908 1063 2966 0
1078 2875 1244 2935 autontalu
1263 2891 1327 2934 suae
1358 2876 1470 2950 soripto
1490 2877 1731 2952 eonflrmaverat,
1759 2883 1909 2958 oonqneri

197 2970 283 3031 senio
302 2967 436 3042 collapsa
448 2964 537 3025 fuerit
546 2964 593 3023 vel
604 2965 768 3026 infortunio
781 2965 883 3044 aliquo
900 2965 1025 3027 inoenea
1078 2963 1309 3035 statuitouibus
1322 2965 1389 3040 ipse
1402 2965 1570 3026 resedirens
1582 2968 1756 3038 menuitur
1769 2970 1908 3047 aliquam

197 3059 311 3126 arserit,
321 3055 445 3115 heredes
456 3069 525 3113 eam
536 3054 598 3112 suis
622 3053 795 3128 sumptibus
808 3054 1025 3115 reediiisabunt
1077 3052 1178 3113 abbati
1191 3052 1364 3113 violentiam
1378 3054 1486 3114 interne
1497 3055 1652 3128 auderent,
1669 3062 1698 3117 et
1713 3060 1794 3134 quod
1803 3075 1908 3135 preos-

195 3141 1024 3216 ueotamenannuumeensumdenegabuotlluioautem
1078 3141 1160 3202 denti
1181 3150 1326 3219 tempore
1357 3144 1397 3203 da
1414 3143 1531 3206 oambis
1549 3146 1612 3205 suis
1629 3152 1731 3206 aetum
1754 3149 1852 3218 seirat,
1871 3151 1908 3211 id

195 3234 260 3294 viro
273 3229 1023 3309 propioreuadevutionisliberalitatemnbabbate
1076 3232 1208 3292 tenendo
1230 3232 1362 3291 eoeleste
1383 3232 1455 3306 iura
1479 3248 1542 3294 non
1570 3236 1774 3310 infringerent.
1798 3238 1906 3309 Atilii,

195 3328 225 3383 et
238 3323 378 3383 nauibus
393 3333 570 3380 conoessum
595 3324 652 3392 ast,
667 3324 700 3379 ut
713 3319 738 3378 si
752 3319 915 3396 aliquando
928 3321 1023 3396 iuspi·
1076 3320 1151 3380 dum
1165 3335 1222 3380 neo
1243 3321 1286 3380 siu
1298 3320 1495 3396 quiescerent,
1510 3322 1600 3382 sedin
1615 3324 1908 3399 priorisobstinstire

196 3411 350 3471 rantedeo
363 3409 496 3469 converti
509 3407 605 3475 vellet,
620 3408 842 3484 susciperentur
859 3425 1022 3484 congrega·
1076 3407 1187 3468 duritis
1198 3415 1432 3484 perseverarent,
1448 3411 1489 3470 ad
1509 3411 1754 3473 satisfaciendum
1769 3415 1908 3477 eeclesiis

197 3496 455 3558 tionleooiaudue.
470 3496 535 3554 Pari
561 3496 648 3555 nodo
660 3497 817 3566 iioinerus,
829 3497 875 3557 vir
888 3499 1022 3558 honestes
1076 3497 1510 3573 sepiusoonmoniliababbale
1519 3499 1908 3566 taudemexoommunioari

194 3586 341 3646 vitarum
353 3599 445 3644 uxore
459 3599 526 3650 sua,
540 3583 720 3643 walswinde
734 3585 867 3655 nomine,
885 3585 1023 3661 irmen-
1076 3586 1246 3660 euntiussi.
1262 3589 1328 3656 Qua
1340 3586 1379 3646 de
1399 3603 1432 3647 re
1444 3588 1590 3649 adversus
1617 3592 1759 3653 mutam
1773 3596 1909 3670 gravius

194 3674 254 3735 bue
269 3672 523 3734 liberalitatissua
535 3672 884 3749 benefieiissplritualem
896 3675 1023 3736 lretrum
1076 3676 1231 3742 summoti,
1262 3676 1443 3737 advoeetum
1471 3694 1561 3739 suom
1590 3682 1729 3742 oltonem
1760 3685 1908 3747 oomitem

195 3763 370 3823 souietatm
400 3763 589 3828 emeruerat3
608 3761 723 3836 quibus
741 3760 833 3822 etiam
858 3762 953 3822 ebbes
982 3762 1023 3823 ob
1077 3764 1323 3832 adeunteteum
1336 3769 1910 3842 superesoommunioationissententis

194 3848 614 3925 reeompensationemgratiea
625 3848 810 3923 singularem
823 3851 1024 3926 irabumpre·
1076 3852 1152 3929 quid
1166 3852 1223 3913 sibi
1233 3854 1406 3914 laetandum
1417 3856 1629 3917 siloonsulunt
1641 3861 1908 3939 cumquibusipae

195 3939 330 3999 bendum
345 3952 438 4012 usque
449 3937 587 3997 adfinem
598 3937 666 3996 vita
674 3944 877 3999 oonoeseeret.
892 3939 938 3999 ilii
950 3955 1024 4014 erpo
1077 3942 1221 4002 taedium
1235 3943 1387 4018 prolealus
1396 3944 1619 4022 adeplsoopum
1628 3949 1910 4026 vaniteuipesurus

196 4043 250 4087 sex
260 4025 375 4086 solidos
382 4026 540 4085 ennuafim
550 4025 686 4085 eoeleste
698 4027 1024 4105 eontulerunt.quosin
1078 4031 1222 4092 abbatam
1236 4032 1317 4107 quod
1331 4032 1442 4107 iniuste
1460 4033 1493 4093 ln
1507 4051 1560 4095 eos
1582 4039 1911 4102 exeommunicationis

196 4115 394 4176 anniversarii
408 4114 455 4173 sui
464 4113 511 4173 die
524 4114 648 4174 fratrum
662 4115 779 4175 annuli
792 4116 1022 4192 deputaverunt
1079 4120 1259 4180 senbntism
1292 4120 1471 4196 protulisset.
1507 4124 1672 4200 Episoopns
1701 4143 1774 4202 ergo
1802 4131 1913 4192 audita

197 4203 1026 4278 ildelrioosautemquidemduodeeinmodioelrumenii
1080 4210 1236 4284 obimus
1251 4210 1330 4283 patis
1352 4209 1538 4284 aberamus,
1550 4214 1716 4289 requisivit,
1731 4218 1914 4281 desolem-

195 4292 235 4352 de
249 4293 423 4354 molendino
443 4293 567 4353 Gorsine
589 4294 667 4366 (bil)
681 4292 713 4352 in
735 4298 859 4370 paulum
880 4264 1063 4370 habebetD
1081 4298 1163 4356 siioes
1181 4298 1401 4372 prosecutionis
1416 4299 1509 4358 modo
1523 4304 1774 4364 exeommunioati
1792 4315 1911 4369 essent.

195 4382 278 4442 unde
291 4381 417 4456 singulis
427 4381 568 4443 sabbatis
580 4381 612 4440 in
627 4399 702 4440 neus
714 4383 841 4442 lrauum
855 4383 1027 4458 esponden·
1080 4386 1255 4447 affirmante
1266 4385 1432 4460 presbitero
1454 4390 1587 4450 moleste
1598 4408 1631 4451 ee
1641 4408 1694 4452 eos
1703 4394 1915 4460 eoobeimtioa

196 4469 271 4531 dom
283 4470 448 4530 sextarium
465 4469 537 4529 salis
548 4472 701 4546 preposito
714 4471 858 4530 solvebat
873 4473 940 4530 ileo
953 4488 1027 4546 ergo
1082 4474 1621 4551 senodoneetjudieialiproseeutiona
1626 4484 1915 4565 exeommunioaeee,

197 4573 254 4633 pro
267 4558 372 4617 anima
395 4574 452 4617 sua
465 4559 597 4618 eoeleste
617 4558 711 4618 libera
729 4560 897 4636 reinquere
910 4561 1026 4633 volens,
1081 4565 1917 4641 episcopusquoqneeandemexeommuninationissen·

199 4646 311 4713 statuit.
325 4652 360 4705 ut
372 4647 693 4723 prepositueaiusdem
705 4663 836 4708 eunome
855 4665 1027 4712 mensuram
1083 4652 1297 4714 tendemineos
1308 4653 1916 4738 prolatamsuotoritatesnaoondrmavit,

199 4733 345 4809 resiperet
370 4740 401 4795 et
422 4734 566 4795 iratribus
590 4736 664 4796 salis
695 4737 817 4812 eopiam
844 4739 1026 4813 provideret
1082 4742 1818 4827 neeprineabsolvendosesseeensuit‚doneaquas
1828 4756 1917 4815 male

199 4824 385 4885 landonem
416 4823 509 4884 etism
539 4824 697 4899 quendam
708 4828 781 4886 aute
811 4830 931 4901 portam
963 4831 1030 4892 atrii
1084 4832 1202 4893 eulerre
1224 4836 1451 4909 temptaverant,
1476 4834 1692 4912 mdmioejme
1708 4845 1918 4904 meremnsi·

873 4953 995 5012 VARlAE
1013 4957 1214 5019 tumultus,

239 5076 279 5115 ⁴¹⁸
298 5070 488 5137 oonnubisrs
500 5072 629 5149 quesivit
642 5074 680 5135 i’.
718 5074 847 5137 ⁸¹¹deest
866 5077 971 5139 rodim.

996 5195 1114 5258 litim.

247 5317 315 5463 ‘iiii
329 5313 691 5450 mainus·
705 5388 963 5454 munnere·
1121 5322 1197 5398 (ω)
1215 5325 1237 5384 ¹‘
1252 5342 1285 5403 ‘¹'
1305 5325 1469 5391 atomum.-
