3884 6050
38 238 85 299 res
399 192 1381 306 annumeremur.-aournurnorns-rsnsa
1682 230 1746 303 sto·

40 372 116 423 turus
129 365 170 424 ed
181 366 392 441 imperatorem
406 365 508 436 sedat,
524 382 560 425 ex
570 367 638 441 jure
649 365 895 440 cogeretssoueh
910 364 1056 425 debilitati
1069 367 1100 425 in
1112 368 1177 427 dies
1187 350 1415 442 ingravescenti,
1426 366 1570 427 eumdum
1579 369 1737 429 medicine

39 472 102 527 ergo
116 455 860 530 fideseeosehomnibusitnpedimentlsliheratu·
911 453 1737 529 adhibuit.Cuiuslomentismodicesdjutnseumleuius

39 561 99 603 rum
111 544 273 618 pollicitus,
285 542 450 603 adcuriam
461 544 733 620 imperatoriaque
748 547 860 619 seynse
912 543 1050 602 membra
1063 544 1187 614 doleret,
1209 552 1238 604 et
1252 560 1286 603 se
1296 546 1362 619 jem
1380 544 1569 604 convaluisse
1591 551 1736 618 speraret

40 635 133 691 lutura
146 639 221 701 erat,
235 648 375 690 unacum
387 633 430 690 els
441 640 486 690 eet
499 633 659 708 proiectus.
677 633 789 692 Cornite
806 648 860 691 an·
911 637 1032 706 repente
1042 636 1147 692 contra
1154 635 1277 709 spemin
1290 631 1473 692 mortiferam
1484 632 1737 706 inciditegritudi·

40 728 92 779 tem
106 722 197 795 plura
209 721 357 779 adsersus
376 737 429 780 eos
443 721 617 797 imperatori
631 732 787 798 querente,
801 721 861 797 epi·
913 734 994 779 uem.
1009 722 1227 795 inunctusergo
1237 727 1267 780 et
1280 722 1739 790 communicatus,lretrihusde·

39 824 142 884 scopas
156 824 405 879 causamentum,
419 826 493 884 ymo
507 825 606 878 suem,
631 818 772 869 strennue
788 814 860 883 egit,
913 812 1001 867 votes
1011 810 1330 882 excubiarumvigillae
1340 809 1740 885 eiexlribenlibus,postme·

40 916 84 957 eos
97 898 272 971 ebobiectis
287 899 452 972 patrocinio
475 899 716 967 suodelensans,
735 906 764 957 et
791 916 859 973 qum
913 897 1070 955 tutinalenr
1085 899 1226 973 synaxim
1239 899 1320 957 diem
1342 897 1450 957 clausit
1466 902 1634 958 extremum
1656 916 1738 959 enno

40 986 861 1060 eisinpingehantur‚sihirectiusimputarideberelibera
913 985 1033 1044 Domini
1048 987 1116 1044 1183
1126 987 1380 1047 lduslleeemhris.
1392 987 1592 1061 sepultusque
1606 992 1651 1046 est
1662 1004 1739 1062 pene

39 1094 104 1136 rooe
116 1077 393 1151 protestans.(2uJus
403 1076 681 1135 constantiecomee
694 1076 859 1151 perculsus,
913 1073 1058 1134 abbatem
1066 1076 1243 1135 Folcardum
1258 1075 1472 1151 antempellsm
1481 1080 1655 1135 unctorum
1664 1080 1740 1136 ⁴'iru-

39 1165 186 1224 snniteute
196 1167 376 1241 imperatore
384 1167 588 1240 episcopoque
594 1168 623 1223 iu
633 1166 663 1224 id
675 1166 775 1240 ipsum
791 1166 862 1224 alla·
913 1163 1002 1221 donis
1019 1168 1049 1222 et
1063 1165 1206 1239 Eucherii,
1219 1181 1309 1240 quarn
1320 1165 1385 1239 ipse
1399 1179 1526 1238 operosa
1540 1165 1676 1240 lapidum
1690 1180 1741 1226 ra·

38 1254 400 1323 horante‚ststuitcunreis
412 1256 442 1312 in
453 1256 537 1329 pacis
550 1257 742 1314 concordiam
753 1255 859 1314 redire.
912 1250 1027 1323 rietate,
1043 1257 1179 1328 utsupra
1197 1253 1420 1328 prelibavimus,
1446 1252 1556 1326 insigni
1564 1270 1652 1328 opere
1673 1256 1740 1328 jam

39 1344 103 1412 ones
117 1360 182 1420 pax
194 1342 488 1402 ihidemconflrmata
503 1345 721 1403 estconditione
732 1344 861 1418 interpo-
913 1340 1031 1400 dudum
1045 1341 1459 1402 exstruxeratl’reluitautem
1469 1337 1740 1403 ecclesireebsnuo

39 1430 860 1507 site‚utneciuallodioecclesiae,utceperat‚foderetuec
913 1446 975 1489 eus
992 1431 1145 1491 electionis
1158 1432 1246 1490 annis
1262 1432 1297 1489 rt
1322 1432 1409 1506 (5⁸⁴),
1436 1435 1468 1490 lo
1492 1430 1677 1501 diseminns,
1692 1433 1741 1493 vir

37 1522 88 1595 luri
102 1521 243 1579 advocati
255 1537 360 1579 eorum
374 1519 405 1578 in
421 1520 553 1580 ioliendo
568 1538 600 1580 se
616 1522 756 1581 violenter
767 1538 861 1597 oppa·
914 1519 1046 1594 prudens
1070 1525 1099 1578 et
1112 1519 1143 1579 iu
1169 1519 1271 1578 multis
1294 1535 1367 1596 sepe
1389 1519 1525 1579 munde
1548 1536 1622 1579 usus
1647 1521 1739 1580 iustu·

39 1617 126 1670 namt.
137 1608 344 1684 Vallumergo‚
360 1610 443 1683 quod
457 1610 534 1668 circs
545 1608 746 1669 Brustemium
762 1627 862 1670 erexe-
915 1620 965 1683 ris,
983 1613 1014 1667 et

38 1698 192 1768 rsl,totius
203 1697 296 1771 hujus
308 1697 466 1756 discordiae
485 1698 526 1756 ah
545 1698 633 1756 inicio
655 1698 861 1769 seminarium,
877 1706 899 1763 Β
969 1700 1094 1773 Semper
1105 1698 1136 1757 in
1150 1698 1283 1758 adversis
1293 1698 1400 1757 doctus
1410 1714 1533 1773 sperare
1552 1700 1686 1760 meliora.

39 1787 88 1844 hoc
102 1786 197 1845 modo
211 1787 319 1844 nostrie
332 1784 359 1842 ei
378 1786 574 1846 reconciliatis
591 1789 736 1846 remansit
754 1787 864 1864 imper-
917 1785 973 1855 oui
982 1786 1060 1844 inter
1072 1791 1173 1846 cetera
1186 1786 1340 1860 probitatis
1349 1791 1379 1845 et
1386 1786 1533 1861 largitatis
1546 1804 1611 1846 sure
1628 1788 1740 1846 benefl-

41 1876 158 1935 leetum.
916 1873 976 1942 oie,
990 1890 1058 1949 ques
1072 1880 1174 1950 utpote
1184 1876 1252 1950 pius
1270 1881 1355 1950 peter
1369 1875 1489 1951 optimis
1502 1874 1663 1935 heredibus
1675 1890 1741 1951 per·

68 1967 111 2021 ³2.
127 1961 322 2022 lorahsntur
335 1962 392 2020 hiis
406 1962 512 2021 diebus
518 1962 645 2023 Colonia
660 1965 786 2040 quidam
801 1965 863 2040 pol·
916 1968 1008 2038 petuo
1018 1963 1177 2040 reliqueret
1190 1964 1381 2039 possidenda,
1395 1965 1473 2024 duas
1499 1968 1597 2039 partes
1615 1965 1742 2024 decimes

41 2052 254 2127 hutesopihus,
265 2051 409 2126 quierant
419 2053 457 2110 de
469 2052 581 2112 tamilla
588 2059 699 2113 nostres
712 2055 861 2127 ecclesiam
917 2053 955 2110 de
973 2052 1056 2111 Alost
1076 2053 1108 2110 in
1120 2068 1236 2115 annum
1256 2054 1305 2112 eis
1329 2052 1521 2112 relectionem
1538 2052 1700 2124 coustituit,
1713 2057 1743 2110 et

41 2141 89 2200 hos
103 2142 249 2199 ssenricus
261 2142 336 2216 (583)
346 2143 577 2216 lemburgensis
590 2144 652 2201 dux
666 2144 763 2216 ajuro
770 2144 863 2203 eccle·
916 2142 999 2215 quod
1009 2141 1209 2216 superfuisset
1222 2141 1342 2200 utilitati
1365 2142 1555 2201 infirmorum
1581 2142 1743 2214 delegarit.

42 2234 87 2290 sia
99 2231 242 2290 nolentes
260 2232 434 2290 ahetrehere
448 2231 591 2289 violenter
601 2232 732 2303 volebat,
747 2235 820 2307 quia
832 2234 863 2291 in
916 2231 1046 2303 Dignum
1061 2237 1106 2289 est
1118 2231 1217 2302 igitur,
1226 2236 1258 2289 ut
1272 2231 1346 2290 tenti
1360 2232 1453 2305 patris
1469 2247 1595 2306 operum
1607 2231 1745 2291 etmulti·

39 2321 114 2383 hona
120 2336 230 2380 eorum
241 2321 427 2394 iamdudum
440 2321 673 2394 intereratoua
687 2323 863 2381 necessitate
916 2319 1262 2396 pliciumhcneliciorum
1275 2326 1360 2394 grata
1370 2321 1555 2379 memorinin
1566 2321 1746 2381 benedictio·

40 2396 127 2469 shbe's
145 2408 274 2467 wreicns
296 2409 449 2467 Coloniam
465 2409 627 2482 proiectus,
651 2411 786 2468 nativam
807 2410 864 2469 sibi
916 2426 956 2469 ne
965 2410 1049 2484 apud
1059 2414 1195 2484 posteros
1205 2410 1362 2484 habeatur,
1374 2426 1504 2485 quorum
1514 2411 1620 2468 usibus
1629 2416 1747 2470 etcom·

41 2499 189 2571 tybiarum
199 2498 348 2571 etpsdum
361 2496 866 2573 infirmitatemadeosolltograsio·
919 2498 1018 2556 modis
1031 2506 1091 2557 tam
1106 2502 1224 2570 egregie
1239 2504 1361 2574 tamque
1374 2504 1496 2573 paterne
1507 2499 1746 2559 desudasseluoe

39 2604 98 2646 rens
111 2586 275 2652 connexit,
291 2593 322 2644 ut
333 2586 475 2644 omnibus
488 2586 540 2661 qui
549 2603 652 2644 secum
667 2588 763 2645 ierant
772 2587 810 2644 de
819 2604 866 2646 sa·
918 2588 1030 2646 elarius
1044 2588 1268 2661 comprobetur.
1291 2588 1323 2645 lli
1337 2602 1409 2659 ergo
1432 2604 1594 2647 commune
1621 2603 1746 2664 precum

40 2678 95 2735 luta
104 2677 172 2749 ejus
186 2690 264 2749 pene
275 2674 451 2750 desperatis,
463 2674 512 2733 six
526 2675 633 2733 reuerti
645 2675 780 2750 potuerit.
794 2678 865 2735 ilinc
918 2676 1109 2737 conteramus
1120 2676 1276 2749 juvamen,
1296 2683 1428 2749 orantes,
1443 2682 1477 2736 ut
1486 2677 1609 2751 spiritus
1633 2677 1699 2752 ejus
1713 2676 1746 2736 in

41 2764 176 2825 antheri
191 2780 317 2822 suorum
331 2764 487 2823 dilectione
508 2764 631 2836 evictus,
656 2764 707 2839 qui
727 2781 799 2827 eum
809 2766 866 2824 sihi
920 2764 1184 2840 pecerequiescat,
1200 2780 1300 2823 amen.

42 2869 155 2930 emper
168 2853 278 2912 edesse
296 2851 519 2922 desiderabant,
539 2852 677 2925 languori
689 2858 720 2911 et
733 2854 866 2929 corporis

237 2979 364 3038 dietum
376 2980 466 3039 Gesta
474 2978 596 3038 Domini
608 2978 724 3039 addatis
738 2980 831 3053 dedus
850 2979 917 3054 toci,
933 2977 1111 3041 monasteris·
1122 2975 1260 3038 uidelicet
1272 2974 1376 3038 Sancti
1391 2976 1553 3056 frodonis.

200 3314 589 3445 GESTORUM
628 3320 971 3445 ABBATUll
1005 3311 1587 3442 TRUDONENSIUM

465 3554 967 3682 CONT1NUAT10
1040 3556 1329 3689 TERTIA.

701 3801 841 3893 PARS
889 3801 1089 3898 Paruit.

465 3981 608 4053 iacun
631 3982 839 4053 prasino
863 3983 1154 4069 sumuoururrs
1178 3983 1324 4055 oruurs

75 4180 225 4247 Quonam
239 4178 319 4238 scire
333 4180 421 4250 gesta
428 4191 540 4245 rerum,
551 4193 611 4252 que
620 4175 723 4253 priscis
735 4176 875 4252 tempori·
889 4177 911 4238 C
928 4181 962 4238 60
976 4181 1176 4254 pervagantes
1189 4178 1643 4252 (tiltplurimasciritatescum
1652 4180 1751 4255 opidis

45 4265 98 4324 hus
109 4268 314 4340 contigerunt,
331 4266 557 4338 virisreligiosis
569 4272 598 4325 et
606 4265 813 4324 ecclesiasticis
821 4282 874 4336 pre
927 4274 957 4325 et
969 4267 1111 4336 castellis,
1123 4267 1275 4340 utriusque
1285 4267 1663 4328 sexusiucolisimmaniter
1677 4271 1754 4328 occi·

46 4357 147 4414 esuris
156 4371 251 4430 quam
260 4353 425 4430 plurimum
437 4354 723 4429 expedit,sciendum
734 4355 875 4429 estquod
927 4355 978 4427 eis,
993 4355 1204 4413 destruxerunt
1223 4354 1431 4428 consimilique
1443 4355 1527 4413 clade
1549 4356 1617 4414 loca
1636 4363 1750 4424 sancta,

47 4451 108 4518 post
118 4446 234 4503 multae
245 4443 558 4520 persecutiones‚quas
568 4441 706 4503 catholici
717 4459 736 4502 e
749 4446 874 4519 paganis
927 4444 1104 4504 ecclcsiaset
1117 4444 1299 4502 monasteria
1314 4444 1617 4519 depopulandolnter
1631 4447 1754 4523 quehoo

48 4539 74 4590 et
95 4534 281 4603 infidelibus,
301 4534 405 4592 Ghotis
423 4532 545 4603 scilicet,
564 4533 728 4600 wandalis,
741 4535 832 4592 llunis
845 4542 874 4592 et
927 4535 1023 4593 sancti
1036 4531 1513 4592 Trudonisceuobiumadeosuis
1528 4535 1686 4607 thesauris,
1697 4535 1753 4594 cle·

48 4620 875 4696 longobardisreliquisquebarherisnationibusdesedi·
926 4623 1026 4681 uodiis
1043 4620 1190 4697 pretiosis,
1205 4621 1408 4696 librorumque
1417 4622 1513 4696 copiis
1525 4627 1571 4680 est
1578 4624 1753 4699 spoliatum,

48 4710 139 4769 huset
153 4712 243 4769 terris
252 4726 306 4768 sue
315 4709 684 4783 inhabitationisegressis,
698 4710 875 4786 disinoper·
928 4711 1159 4785 precellentique
1167 4715 1314 4769 structura
1325 4717 1547 4770 concrematum
1560 4717 1591 4770 et
1603 4729 1754 4787 eversum,

49 4799 874 4874 niesusuntperpesei,norissimemannsOmnipotentis,
927 4807 962 4857 ut
972 4800 1011 4857 de
1029 4800 1217 4858 temtamoss
1232 4799 1445 4873 priusubbatia
1458 4800 1498 4858 ab
1512 4802 1639 4874 ipsosne
1650 4802 1755 4863 lunda·

49 4887 404 4963 pruplerchristianorum
415 4887 876 4961 flagiliaGelllesinhahituntium
928 4886 1017 4945 tionis
1029 4892 1160 4960 tempore
1175 4902 1271 4961 usque
1292 4887 1329 4944 ed
1344 4888 1433 4960 primi
1452 4889 1567 4946 ottonis
1580 4889 1753 4964 imperium,

50 4978 85 5035 sd
97 4976 294 5053 puniendum
306 4980 435 5043 extenta,
446 4976 528 5034 misit
540 4976 570 5033 in
585 4992 636 5034 eos
647 4976 725 5035 iram
737 4978 875 5049 indigna·
929 4975 1754 5051 perpaucamemoriecommendatoreperirenturldcirco

51 5066 133 5124 honis
150 5082 208 5123 sue
227 5081 281 5140 per
288 5064 485 5132 Normannos,
499 5063 557 5123 alio
571 5065 695 5123 nomine
710 5064 876 5139 appellatos
929 5069 963 5122 ut
977 5063 1083 5139 prefati
1096 5063 1215 5122 cenobii
1229 5061 1335 5120 futuris
1349 5064 1419 5121 liliis
1432 5065 1685 5123 etsuccessoribns
1697 5067 1755 5124 sel·

53 5156 363 5227 Romanoapaganos.
379 5153 653 5227 ouiedjunetissihl
666 5153 755 5212 Danis
765 5154 876 5213 Galliae
928 5157 992 5212 tem
1006 5169 1042 5210 ex
1057 5152 1257 5227 aliquaparte,
1269 5154 1587 5227 quantaprosperitate
1598 5160 1667 5213 aute
1677 5156 1756 5229 ipso·

54 5255 117 5302 runs
134 5242 196 5301 sihi
210 5240 585 5316 ediscentibusprovintiis
594 5255 751 5316 perennes
761 5241 876 5301 ciroitu
928 5258 997 5303 rum
1012 5245 1253 5302 liormsunorum
1265 5241 1504 5316 persecutionem
1517 5241 1603 5301 locus
1624 5243 1681 5303 isle
1694 5242 1756 5304 do·

845 5341 957 5402 ΝΟΜ).

96 5437 161 5512 583)
181 5434 312 5519 Tertius:
327 5434 628 5521 henricusii-obierat
641 5438 718 5495 liti.
741 5465 747 5474 ·
823 5510 829 5522 .
932 5443 980 5499 tur
989 5439 1035 5495 28.

60 5507 881 5658 wmbffissstffimiffiffiffitffl
968 5508 1320 5656 (salutatorium,
1349 5507 1390 5568 sd
1403 5522 1520 5576 sunum
1534 5510 1600 5597 ill,
1720 5543 1723 5554 ·
