3884 6050
185 79 260 194 sris
727 119 1342 190 sumnemrsnunusnsarrscori
1829 119 1906 180 urs

184 260 238 344 iuli
251 259 378 343 signider
390 258 489 332 depuis
555 257 584 315 'il
609 262 657 316 eut
675 263 709 342 t¹
725 262 906 342 conpereltrc
939 258 1045 339 devans
1059 272 1129 312 vous
1156 260 1174 312 t
1205 255 1302 337 licims
1318 260 1355 322 3t
1376 253 1444 338 quoi
1473 252 1493 309 il
1521 253 1686 324 crepondu
1717 250 1792 335 qu’ii
1809 251 1906 306 n'irait

184 336 266 423 point
284 331 396 458 {ilerden
419 331 486 388 hors
529 348 548 414 ,c
573 348 606 388 sa
631 347 776 403 province,
808 331 921 403 disposi
954 328 1099 385 d'arlleurs
1125 332 1144 382 a
1167 328 1246 383 subur
1272 332 1352 408 voire
1370 329 1522 399 jugement
1547 326 1620 433 dans
1643 323 1764 390 cellecr,
1790 340 1904 404 pourvo

184 420 273 548 ἓῗριέιὲ
286 419 328 547 ὧι
336 418 451 546 {affine
464 419 503 460 un
516 403 572 460 lieu
591 406 640 458 sur
657 419 729 475 pour
743 419 774 459 ee
788 402 936 458 deieudre.
952 421 967 453 n
983 400 1061 457 Getta
1081 398 1196 455 lettrca
1214 400 1259 456 eti
1273 399 1386 470 puhlrec
1415 399 1488 454 daus
1513 394 1540 452 le
1565 395 1601 451 111
1637 395 1752 453 volume
1775 395 1819 451 du
1837 396 1906 468 Sps⁴

188 793 672 948 STEPHANI
754 787 1360 936 Paulsluusls
1443 792 1899 940 EPISCOPI

778 1055 1297 1229 pristitum,

589 1379 672 1469 ET
726 1376 1073 1474 VARIORUM
1128 1373 1215 1473 ΑΙ)
1267 1377 1487 1474 IPSUM.

592 1691 613 1745 1.
1029 1697 1055 1757 Α
1066 1691 1276 1764 justitiaeextra
1285 1691 1546 1764 metropolitanam
1556 1690 1657 1747 eedem
1670 1690 1774 1748 venire
1789 1707 1898 1764 prece

188 1798 311 1858 Henrtci
322 1797 530 1869 archiepiscopi
544 1796 720 1854 senonensis
733 1797 774 1854 aci
788 1797 1015 1870 Stephanum.-
1068 1781 1172 1855 pistis:
1190 1781 1334 1853 quonium
1349 1785 1446 1836 vester
1464 1783 1717 1852 consanguineus,
1737 1785 1770 1836 ut
1783 1780 1898 1846 dicits

222 1872 317 1928 Monet
331 1875 362 1926 ut
376 1875 472 1953 ventat
481 1869 642 1951 prasinum
652 1867 693 1950 cd
707 1869 935 1952 eecminondom
947 1887 1015 1928 cuu-
1067 1869 1157 1926 nohis
1169 1868 1476 1941 justitiumrequisivit
1489 1873 1518 1924 et
1528 1867 1638 1925 hahere
1653 1884 1714 1925 non
1726 1871 1898 1941 potuitlioe

222 1959 281 1998 ⁸⁰m
293 1940 436 2012 Slelihssm
449 1939 657 2038 alchidwfflm
669 1938 851 1996 wimii-
1067 1974 1149 2026 vero,
1159 1959 1184 2013 si
1195 1959 1325 2030 placeret
1336 1965 1443 2014 vestra
1457 1957 1639 2029 discretioni,
1653 1964 1682 2016 et
1695 1959 1899 2032 metropohta

437 2026 532 2101 (Clrea
545 2043 661 2085 &fluum
674 2026 765 2100 ¹¹32)
1067 2064 1112 2104 nae
1126 2047 1273 2119 gravitati,
1287 2048 1342 2102 etsi
1357 2061 1418 2103 non
1437 2046 1607 2118 potuissetis
1617 2062 1678 2103 non
1692 2048 1897 2112 audissemus

259 2136 345 2208 [Dom
358 2133 606 2201 Lucasd'Acunnr,
621 2131 723 2203 spicit.
737 2133 812 2201 tili,
823 2149 854 2206 p.
870 2133 943 2208 tit]
1068 2135 1247 2193 debuissetis
1259 2134 1433 2202 credidisse,
1459 2134 1511 2208 qni
1537 2135 1563 2191 ei
1588 2136 1650 2192 sine
1672 2136 1796 2194 lesione
1820 2135 1896 2201 fidei,

225 2222 378 2282 Dilectioni
393 2227 499 2279 vcsirae
510 2221 701 2295 querimonia
715 2227 744 2278 et
756 2221 887 2279 clamore
899 2223 1015 2281 domini

191 2312 330 2387 Stephani
344 2309 546 2368 archidiaconi
557 2308 645 2365 vestri
656 2309 865 2381 compellimur
874 2312 1014 2370 scrihere.

189 2401 268 2459 idem
283 2415 414 2473 namque
425 2409 523 2455 vester
536 2397 764 2456 archidiaconus
774 2400 930 2470 superhoc
945 2416 1015 2458 oon·

189 2489 342 2564 querendo
352 2488 462 2544 clamat
475 2487 630 2560 quodlicet
640 2485 741 2544 ahheti
756 2488 785 2543 S.
803 2489 924 2546 Victoris
939 2490 1015 2547 vica-

188 2580 234 2637 rio
243 2584 344 2635 vestro
359 2575 566 2633 rectitudinem
580 2574 708 2641 chorrei,
736 2580 765 2633 et
777 2592 831 2650 per
847 2594 917 2635 eum
928 2579 1015 2651 iusti·

189 2667 260 2727 tiam
276 2664 398 2739 exsequi
409 2670 633 2738 paratnsesset:
646 2663 714 2721 licet
725 2662 1015 2740 etiamseipsumcnm

189 2753 1016 2828 omnihussuissuhprotectiooedominipapasproetende·

188 2849 241 2915 ret,
251 2844 332 2901 idem
347 2842 444 2900 abbas
453 2857 544 2915 super
556 2846 660 2899 terrem
671 2841 734 2914 ejus
744 2843 890 2900 interdicti
899 2852 1016 2904 senten·

190 2937 258 2992 tiam
268 2931 1015 3009 posuitundepraeiatusarchidiaconusscpreegre·

189 3023 250 3082 vari
261 3020 340 3080 dicit
351 3021 441 3078 Addit
453 3019 544 3078 etiam
556 3020 588 3078 in
602 3020 648 3078 his
663 3037 696 3078 ee
710 3031 928 3095 pregnantium
947 3041 1052 3116 essen

189 3112 303 3187 quoda
316 3110 401 3168 vobis
412 3110 555 3182 justitiam
568 3110 722 3183 requisivit
731 3115 760 3167 et
774 3111 884 3170 habere
893 3128 954 3171 non
966 3131 1017 3189 po·

189 3202 245 3258 tuit
254 3201 292 3257 de
306 3200 393 3256 rebus
402 3197 533 3254 ecclesie
543 3197 719 3256 Parisicnsis
728 3204 757 3256 et
766 3199 1016 3259 rehushominum

189 3304 314 3348 suorum
324 3287 466 3344 violenter
475 3285 742 3359 ahletis,quamvis,
753 3288 829 3345 sicut
836 3289 950 3348 dictum
960 3297 1014 3358 est,

190 3373 1017 3452 suhdetensionedomnipapeeteustodiaipsestepha·

190 3479 248 3522 nus
262 3464 299 3520 sit
312 3461 499 3519 constitutus.
515 3464 549 3517 Et
559 3463 704 3535 quoniam
714 3463 1017 3537 iuhiaseproegrevari

191 3551 334 3618 sensit,ad
344 3565 397 3607 nos
409 3548 655 3617 clamoremlecit,
669 3552 927 3611 etcouvenientem
935 3554 1016 3612 diem

191 3641 322 3700 etlocum
339 3639 395 3697 sihi
403 3641 500 3698 etsuis
509 3639 734 3711 coadjutoribus
742 3645 838 3699 tutum
850 3641 915 3700 deri
921 3644 1017 3716 requi·

188 3731 236 3789 rit.
250 3730 332 3787 Unde
346 3728 432 3787 vohis
446 3735 476 3787 et
489 3728 546 3804 ipsi
570 3729 652 3785 diem
665 3730 697 3786 in
715 3729 817 3802 vigilie
830 3731 1017 3790 imminentis

190 3819 380 3876 Ascensionis
388 3819 511 3886 Domini,
519 3825 548 3875 et
561 3818 732 3886 Pruviuum,
749 3821 822 3893 quia
839 3826 918 3878 tutus
932 3821 1016 3878 locus

190 3914 245 3976 est,
257 3906 359 3964 locum
366 3907 585 3973 constituimus,
597 3912 626 3964 et
636 3914 739 3965 vestroe
752 3908 902 3967 dilectioni
910 3910 1017 3984 preci·

189 3995 302 4070 pimus,
316 4000 348 4053 ut
358 3995 397 4053 ad
410 3996 490 4054 diem
503 3996 606 4053 datam
621 4000 651 4052 et
679 3995 780 4053 locum
809 3998 1016 4065 constitutum,

189 4089 387 4159 quantumres
396 4085 560 4159 postulabit
569 4087 910 4158 responsurusveniatis,
920 4092 1017 4147 etten-

190 4189 282 4246 quem
296 4174 476 4232 charissimo
490 4173 675 4233 consulimus
686 4179 718 4232 ut
728 4175 877 4233 interdicti
896 4182 1016 4234 senten·

190 4265 265 4321 tiam
276 4263 421 4322 relaxetis.
438 4265 550 4322 valete.

582 4371 616 4426 lt.

190 4456 540 4529 Stephoniadllsnricnm
550 4458 801 4531 arciepi'scopam
816 4460 1014 4519 Ssuonensem.

225 4531 457 4599 -ltespondetse
468 4534 913 4603 conpotuesseometropotitono
929 4538 1016 4590 entra

226 4600 586 4730 zwwmaepqfflonom
604 4603 706 4662 evocari
718 4603 758 4659 od
771 4618 890 4662 examen
918 4618 1016 4662 cuasa

441 4761 660 4835 (Circaannum
679 4763 770 4835 litt.)

555 4851 653 4927 [ibid]

228 4941 338 5000 Audito
356 4940 1020 5013 clamoreconsanguineivsstridominivide·

192 5024 262 5085 licet
275 5030 416 5102 Stephani
428 5030 604 5088 Parisicnsis
615 5030 829 5099 archidiaconi,
856 5031 1018 5090 adversum

1069 2242 1137 2283 cum
1153 2226 1245 2282 homo
1257 2224 1391 2292 incussit,
1405 2223 1555 2296 justitiam
1568 2223 1719 2299 denegare
1728 2240 1791 2281 non
1804 2224 1894 2298 potui.

1069 2317 1102 2372 lit
1114 2314 1259 2386 quoniam
1271 2312 1373 2369 litteris
1385 2311 1602 2369 alternantibus
1617 2313 1792 2370 adinvicem
1807 2313 1894 2370 locuu'

1069 2420 1184 2468 sumus,
1200 2406 1229 2458 et
1246 2402 1328 2475 ipses
1340 2400 1440 2458 adhuc
1465 2416 1539 2474 pene
1566 2417 1623 2458 nos
1642 2401 1805 2468 hahemus,
1828 2417 1893 2458 cum

1068 2493 1269 2550 incommune
1282 2490 1402 2556 venerit,
1415 2495 1444 2546 ei
1455 2489 1537 2546 lectae
1552 2489 1674 2546 fuerint.
1688 2496 1740 2546 eut
1750 2507 1824 2560 nos,
1847 2496 1895 2546 aut

1068 2582 1168 2656 ipsum
1182 2580 1220 2636 de
1236 2579 1393 2637 mendacio
1406 2584 1534 2651 arguent
1544 2585 1573 2635 et
1584 2578 1709 2636 alterum
1719 2583 1894 2636 erubescere

1069 2675 1186 2741 cogent.
1198 2671 1258 2725 Nos
1272 2667 1417 2740 siquidem
1431 2668 1530 2724 statim
1550 2673 1582 2724 ut
1600 2668 1731 2724 Parisios
1762 2670 1895 2725 venimus

1069 2774 1159 2832 super
1171 2756 1337 2826 sacrilegio,
1348 2756 1504 2824 incendiis,
1527 2755 1691 2813 homicidiis
1716 2762 1745 2813 et
1760 2756 1833 2813 aliis
1847 2758 1895 2813 cri·

1070 2845 1229 2905 miuulihus
1240 2842 1502 2917 capitulisdomini
1515 2844 1758 2901 &archidiaconi
1774 2845 1808 2901 in
1825 2852 1895 2902 terra

1070 2939 1099 2994 S.
1113 2933 1252 2996 Germani
1265 2934 1375 3004 injuste
1390 2931 1535 3004 colerico,
1560 2933 1698 3005 iniustius
1721 2948 1741 2989 a
1756 2932 1894 2996 diacono,

1069 3023 1265 3098 injustissime
1271 3022 1311 3080 ah
1317 3020 1526 3080 archidiacono
1533 3030 1561 3079 et
1569 3022 1686 3080 decano
1692 3020 1784 3079 lactis
1794 3022 1893 3080 dano

1068 3131 1133 3172 rem
1146 3111 1262 3170 ehbotis
1277 3110 1449 3168 audivimus
1463 3109 1896 3183 dominumStephanum,suh

1068 3201 1252 3266 monuimus,
1260 3198 1341 3257 diem
1349 3198 1498 3267 dedimus,
1508 3199 1894 3273 etquiapropinquissimus

1069 3292 1096 3350 ei
1110 3289 1278 3355 videbatur,
1292 3286 1520 3353 induciavimus,
1534 3304 1675 3345 securum
1686 3288 1805 3354 locum,
1819 3304 1893 3344 secu·

1068 3380 1335 3440 rumconductum,
1350 3376 1428 3446 regis
1435 3375 1573 3435 videlicet
1581 3381 1611 3433 et
1617 3375 1741 3447 reginae,
1747 3376 1893 3434 etdomiui

1069 3465 1383 3539 liudulphicomitis,et
1401 3469 1539 3521 nostrum
1549 3466 1576 3521 ci
1597 3463 1783 3521 obtulimus:
1799 3470 1830 3522 et
1844 3466 1894 3521 lor-

1071 3554 1307 3614 tassehocmodo
1323 3569 1392 3609 cum
1407 3568 1443 3609 eo
1455 3568 1544 3623 egem
1557 3557 1601 3609 eet
1615 3552 1640 3609 ei
1649 3552 1801 3624 justitiam
1812 3554 1895 3611 dene

1070 3645 1156 3717 gare?
1171 3646 1204 3700 Et
1216 3643 1289 3716 quic
1299 3642 1331 3698 iu
1341 3640 1435 3707 nuho,
1449 3647 1483 3697 ut
1494 3640 1613 3708 auditis,
1622 3646 1774 3714 quantum
1786 3642 1828 3699 ad
1842 3642 1893 3699 hoe

1069 3735 1182 3806 spectat
1196 3732 1393 3800 excessimus,
1401 3730 1599 3787 undecuriam
1606 3734 1745 3787 nostram
1760 3731 1842 3787 exire
1851 3731 1895 3786 de

1071 3818 1894 3894 beamus,siplacctbenignitativestrae‚submonit.ioneu

1069 3916 1201 3969 vestram
1215 3916 1244 3966 ct
1258 3915 1439 3982 preceptum
1455 3907 1597 3978 relaxate,
1609 3908 1804 3981 quiacontra
1810 3908 1896 3964 hono

1070 4016 1133 4057 rem
1149 3997 1396 4069 ethenignitetem
1408 3996 1582 4054 Perisiensis
1597 3995 1733 4053 Ecclesira
1748 4012 1808 4053 nec
1820 3996 1895 4054 volu·

1069 4106 1134 4145 mus
1148 4104 1204 4145 nec
1218 4085 1364 4144 dehemus
1372 4085 1501 4142 obedire.
1513 4087 1554 4142 lie
1566 4085 1722 4143 interdicto
1745 4091 1858 4157 autem
1872 4091 1895 4142 et

1069 4178 1107 4236 de
1119 4177 1222 4236 litteris
1232 4176 1349 4233 domini
1362 4190 1450 4248 papea
1466 4173 1894 4248 sufficienterrespondehitm,

1070 4267 1095 4325 si
1108 4266 1242 4324 dominus
1257 4266 1427 4338 Stephanus
1441 4263 1492 4320 uhi
1497 4265 1612 4337 justum
1622 4269 1668 4322 est
1677 4279 1808 4322 canmm
1819 4279 1895 4321 suan

1069 4355 1188 4414 tracturi
1202 4368 1265 4412 non
1282 4352 1468 4424 dedignetur.

1461 4458 1508 4515 ΙΙΙ.

1071 4550 1203 4622 (leufridi
1216 4549 1339 4621 episoma
1352 4547 1540 4608 carnotensis
1553 4547 1592 4604 od
1607 4545 1801 4618 Stephanum.
1813 4579 1849 4589 -
1858 4547 1897 4603 Si·

1104 4623 1223 4749 fnifiect
1237 4617 1808 4749 Stephonaizrbozctidffconarmiperse
1818 4620 1896 4749 cinti·-

1106 4706 1391 4821 macffaesm
1427 4706 1504 4749 aem
1552 4705 1640 4748 arcuo
1717 4706 1763 4748 sm
1800 4732 1809 4749 .
1855 4706 1885 4748 er

1310 4851 1407 4924 (circa
1433 4866 1547 4909 annum
1566 4849 1665 4923 itta.)

1374 4936 1596 5015 [illumatio]

1109 5033 1149 5088 De
1161 5029 1354 5089 reformanda
1363 5044 1437 5103 pace
1461 5028 1539 5086 inter
1561 5044 1613 5084 vos
1629 5031 1659 5085 ct
1669 5026 1854 5100 Stephanum
1866 5026 1898 5084 de

194 5117 367 5189 uosinjuste
386 5118 469 5190 apud
480 5134 533 5176 vos
555 5119 770 5192 conquerentis,
793 5120 873 5177 diem
885 5119 971 5177 nohis
991 5125 1019 5177 et
1073 5119 1349 5177 Gariendadudum
1364 5117 1449 5176 vohis
1463 5115 1526 5191 ipso
1538 5121 1656 5190 petente
1668 5116 1760 5173 leonti
1773 5115 1895 5181 luimus3

192 5205 294 5264 locum
306 5210 412 5273 tutum,
427 5206 1018 5268 videlicetl'ruviuuminterrehostiiista·
1072 5224 1154 5266 nunc
1167 5215 1267 5267 autem
1283 5205 1698 5281 quoniamaudivimusquod
1708 5205 1899 5279 omissisqoi·

194 5294 333 5368 tuistis,et
346 5295 1019 5373 mesuffraganeumveetrumnequevivavoce
1071 5294 1896 5371 husdamqueeadversumvosvidehaturhahcrc,paceo

193 5399 292 5465 neque
306 5384 409 5444 litteris
420 5384 503 5463 prius
517 5388 735 5447 commonitum
748 5387 789 5447 ad
801 5387 1019 5449 exsecutionem
1072 5392 1204 5447 vestram
1222 5385 1382 5455 desideret,
1403 5384 1570 5445 smohtatis
1598 5388 1707 5443 vestra
1723 5380 1895 5443 dimrahom
