3884 6050
203 88 263 181 por
874 50 1232 153 'mensurant-Laui
1850 81 1908 149 oss

204 224 348 297 «Stuppa
380 240 458 301 cnm
472 222 610 282 lomentis
648 221 877 299 pariterjnncta,
901 223 1030 281 fecerunt
1044 223 1068 285 Α
1082 225 1188 280 rentse
1201 222 1236 278 de
1260 219 1421 277 Saracenis.
1444 216 1565 277 Salubre
1593 214 1709 290 quidem
1737 214 1792 300 fuit
1816 218 1910 274 consi·

202 296 324 352 bellum.
341 320 356 347 »
1082 293 1164 361 lium,
1180 295 1230 350 sed
1249 292 1434 349 inutilisordo
1449 292 1522 365 ejus.
1539 289 1601 347 Non
1629 306 1686 345 uno
1702 305 1830 361 agmine,
1851 306 1908 345 non

237 369 284 423 26.
300 368 339 423 Eo
354 372 451 422 autem
475 372 604 439 tempore
619 366 648 421 in
667 366 772 438 Aquini
786 366 885 421 villam
898 364 1029 421 liodoald
1082 381 1140 421 nna
1150 366 1308 437 eademque
1322 363 1482 421 intentione
1494 378 1545 435 per
1562 360 1693 417 cobortes
1708 359 1885 417 incedebant
1899 378 1907 429 ;

203 438 362 511 gastaldius
373 455 453 494 secus
465 439 587 495 Pontem
605 439 729 494 Currum
754 437 848 509 (loss)
869 436 1029 493 construxit
1082 438 1131 493 seb
1164 436 1245 492 divisi
1273 435 1448 491 abalterntrn
1487 433 1650 489 inordinate
1677 431 1907 504 proficiscebant

203 511 363 593 castellum.
380 510 438 566 Hoc
456 510 532 565 facto
558 508 774 591 subduxit'sca
797 510 864 582 jure
880 510 1029 590 Capuano·
1081 507 1170 580 Igitur
1183 507 1445 633 plmpinquavernnt
1462 521 1544 587 secus
1566 504 1770 560 Saracenosad
1785 502 1907 586 arium:

204 580 1028 733 lllultltltttbtttlltllllltlllttlllltlt:
1080 580 1169 716 llll,
1181 579 1910 729 ,-ttttttfn*tetlttstttllttttt

205 740 281 791 mus,
306 725 440 795 pergebat
467 723 629 789 Franciam,
653 726 685 777 ut
713 722 765 778 sibi
793 723 827 777 ab
853 722 893 777 im
915 725 1027 778 eratora
1081 723 1271 778 aBonerento
1292 725 1442 784 venerunt.
1469 717 1551 774 sicuti
1579 718 1694 773 fucrant
1717 718 1783 772 lassi
1807 720 1846 798 et¹
1866 734 1906 773 m·

204 793 329 865 glorioso
358 798 476 866 peteret,
500 811 555 865 qno
574 793 669 848 rivere
689 793 752 849 loco
781 809 829 848 seu
849 797 878 848 et
895 739 1028 848 dubitare
1081 792 1174 848 minim
1189 792 1322 863 equidem
1339 790 1452 863 fatigati
1467 789 1650 860 sitientesque
1666 787 1909 870 valde,cout1nuo

203 868 309 935 posset.
335 865 384 920 Cui
408 865 534 920 liodoald
559 864 728 935 legatarium
754 865 895 936 quendam
922 866 1027 921 Ursum
1081 863 1110 919 in
1128 863 1220 919 aciem
1234 862 1414 919 introierunt.
1437 861 1504 917 Ilico
1532 859 1667 917 Saraceni
1690 860 1784 915 subito
1808 864 1905 915 erecto

203 935 364 991 transmisit
378 935 576 1006 presbiterum,
592 942 622 990 ut
634 952 764 991 reversus
778 936 889 991 reniret
909 952 942 990 ac
953 934 1029 1007 pari·
1081 938 1115 990 ut
1126 937 1210 990 crant
1222 934 1251 990 in
1280 950 1337 989 uno
1364 933 1481 1006 agmine
1504 930 1677 1004 conglobati,
1689 935 1805 1002 repente
1819 930 1909 986 irrue·

202 1010 248 1063 ter
258 1012 516 1071 commorarentur,
541 1022 648 1078 suoque
681 1006 812 1078 praesidio
831 1008 1027 1078 juravetanm
1081 1010 1150 1062 runt
1169 1022 1255 1077 snper
1276 1021 1326 1061 eos
1354 1005 1408 1070 ;hi
1435 1020 1501 1061 vero
1528 1007 1609 1074 terga
1632 1006 1785 1067 vertentes,
1808 1000 1906 1073 fugare

204 1077 471 1149 aperscquentibus
482 1094 521 1133 se.
535 1080 689 1148 Regressus
711 1093 780 1143 ergo
804 1075 1028 1149 lisgenolfusde
1082 1080 1239 1148 coeperunt,
1267 1075 1380 1148 plurimi
1405 1073 1605 1146 interemptis
1629 1071 1743 1144 gladiis,
1771 1072 1904 1128 nonnulli

202 1147 306 1204 itinere
320 1154 423 1219 coepto,
436 1152 465 1203 et
479 1148 508 1202 in
518 1151 638 1203 Pontem
660 1147 790 1204 introibit
814 1149 937 1203 Currum
952 1164 960 1210 ς
977 1164 1028 1203 uec
1081 1151 1227 1212 cadentes,
1243 1146 1273 1202 in
1288 1148 1459 1203 alterutrum
1473 1145 1664 1217 inpingentes,
1676 1143 1907 1215 praefocabantur

203 1218 584 1289 multopostprolectnsest
599 1219 761 1285 Salernum,
777 1224 1029 1290 sumptaquecon-
1082 1219 1131 1275 alii
1150 1220 1180 1274 in
1200 1218 1315 1274 fossatis
1346 1217 1460 1288 sepibus
1485 1221 1514 1273 et
1541 1215 1670 1273 cavernis
1716 1214 1906 1279 terrae,inleai

201 1290 281 1361 jugo,
295 1289 374 1344 omni
392 1306 457 1344 cum
472 1290 669 1360 suppellectile
696 1305 730 1345 ac
755 1290 867 1345 familia
889 1289 975 1345 rediit
998 1289 1028 1344 in
1083 1290 1226 1362 agladiis,
1243 1290 1293 1347 sed
1309 1306 1365 1360 praa
1378 1287 1424 1343 siti
1439 1286 1545 1344 mortui
1570 1286 1798 1343 inveniebantur.
1824 1289 1909 1342 Sara·

203 1368 341 1415 castrum.
357 1363 452 1431 Neque
476 1360 524 1415 din
549 1359 635 1415 latuit
659 1360 819 1416 misterium
844 1359 1026 1431 iniquitatis;
1082 1361 1145 1417 ceni
1156 1365 1253 1417 autem
1270 1360 1390 1416 victores
1402 1358 1504 1422 effecti,
1520 1361 1645 1429 coeptum
1658 1361 1829 1429 peregerunt
1841 1357 1908 1413 iter.

204 1446 273 1486 nam
287 1431 413 1501 quodam
427 1431 473 1485 die
487 1429 624 1487 cnmsnis
647 1431 722 1501 cepit
746 1431 1029 1499 Rodoaldum,eum-
1118 1432 1162 1488 29.
1189 1433 1267 1487 lnter
1293 1434 1431 1502 Capuam.
1455 1431 1595 1498 Teanum,
1616 1444 1670 1485 nec
1693 1444 1749 1483 oon
1774 1427 1908 1499 alipham

204 1518 259 1572 que
275 1501 473 1557 incustodiam
484 1502 610 1567 retrusit,
635 1504 706 1557 duos
729 1518 842 1574 qnoque
874 1502 948 1558 tilios
966 1502 1029 1586 ejus
1082 1503 1199 1559 auditur
1212 1518 1273 1559 esse
1287 1518 1371 1557 mons
1398 1501 1527 1572 quidam,
1543 1500 1571 1555 in
1604 1516 1661 1572 quo
1683 1498 1786 1556 dicitur
1806 1500 1907 1554 adesse

204 1571 234 1627 in
249 1576 357 1627 turrem
378 1572 505 1644 projecit,
544 1589 717 1644 omnemque
745 1572 906 1629 facultatem
939 1572 1029 1644 ipsius
1047 1574 1212 1645 Bangelica
1229 1574 1329 1637 virtus,
1350 1574 1387 1629 ad
1413 1573 1505 1628 instar
1527 1570 1604 1628 beati
1620 1569 1765 1627 Michaelis
1785 1569 1907 1625 archan·

204 1643 332 1710 abstulit,
347 1643 525 1709 thesaurum,
542 1644 662 1715 peculia,
692 1643 846 1716 mancipia,
861 1660 967 1709 servos,
980 1661 1029 1726 po-
1082 1645 1138 1717 geli
1150 1645 1180 1700 in
1192 1649 1291 1701 rnoote
1305 1645 1448 1716 Gargano,
1462 1643 1502 1699 ita
1516 1642 1620 1698 stillari
1635 1658 1750 1713 aquam,
1767 1641 1906 1722 etjugiter

225 1714 314 1778 ulum,
324 1718 462 1776 castrum,
473 1713 571 1770 villam
603 1720 632 1771 et
649 1715 748 1770 omnia
772 1715 937 1788 subjugarit
963 1715 1027 1771 sibi.
1083 1715 1313 1786 ettodicriptam‚
1328 1720 1358 1771 et
1386 1719 1483 1798 patere
1503 1712 1663 1778 basilicam,
1692 1717 1777 1784 atque
1800 1712 1905 1768 ibidem

203 1731 310 1840 florem
325 1785 376 1821 ⁴⁷⁸⁰
395 1784 530 1857 populum
553 1789 582 1842 et
603 1786 854 1857 indisciplinatum,
881 1803 967 1858 quem
987 1785 1029 1841 in·
1083 1787 1180 1843 divina
1211 1790 1311 1843 crebro
1339 1786 1400 1841 ficri
1434 1784 1573 1912 ρποάἰΊείι.
1603 1784 1792 1840 Exhortatnm
1809 1789 1905 1839 autem

203 1856 292 1921 venit,
308 1855 403 1911 docuit
418 1873 499 1911 more
508 1856 605 1928 palatii
619 1872 680 1914 esse
702 1856 955 1927 prudentissimum
972 1874 980 1924 ;
1000 1860 1029 1913 et
1084 1856 1211 1915 Landoltl
1231 1856 1361 1928 praesulis
1375 1856 1476 1925 Hilari,
1527 1854 1660 1912 canensis
1689 1854 1815 1911 ecclesiae
1847 1854 1904 1925 epi·

202 1926 566 1998 quipriuanonnorcrant
586 1927 641 1984 nisi
668 1944 746 2000 cepe
773 1932 802 1985 et
816 1928 881 1995 alei,
902 1945 980 1984 nnnc
991 1928 1028 1984 ab
1082 1946 1194 2001 scopus,
1211 1927 1353 1985 dedicabit
1378 1927 1446 1984 illuc
1467 1930 1632 1983 sanctornm
1654 1925 1768 1992 altaria,
1798 1929 1828 1981 et
1847 1941 1905 1996 per

201 1997 244 2079 eis
257 2014 374 2055 censum
387 1997 559 2070 principales
586 1999 772 2070 exquiruntur
784 1999 879 2063 solidi,
894 1999 983 2055 etiam
1000 2002 1029 2055 et
1083 2000 1207 2071 amplius
1217 2016 1253 2056 ex
1280 2004 1346 2055 tunc
1362 1998 1435 2055 bunt
1450 1998 1607 2054 multorum
1638 1996 1796 2053 sanitatum
1823 1995 1906 2122 siJgna

202 2084 233 2123 sn
249 2068 345 2124 hostili
361 2068 465 2125 armati
489 2069 706 2141 proficiscuntur
730 2071 865 2126 exercitu.
897 2070 1028 2126 liodoald
1083 2075 1111 2127 et
1127 2070 1267 2144 prodigia,
1280 2071 1317 2127 ad
1345 2070 1468 2143 gloriam
1493 2074 1523 2126 et
1551 2069 1667 2125 laudem
1694 2066 1821 2123 nominis
1857 2084 1906 2123 esu

204 2138 322 2197 offertus
334 2140 404 2195 dum
418 2140 502 2195 beato
514 2141 669 2197 Benedicto
685 2140 794 2205 fnisset,
820 2141 864 2196 rix
877 2158 894 2196 a
908 2158 1027 2197 venera·
1083 2141 1198 2199 Christi.

203 2210 287 2265 rabili
302 2210 363 2266 viro
378 2211 507 2267 bertheri
521 2213 625 2268 abbate
634 2216 694 2268 eta
717 2211 867 2268 monacbis
890 2211 1028 2268 liberatus
1117 2214 1161 2269 30.
1176 2214 1236 2268 Mos
1254 2211 1361 2269 etenim
1378 2215 1422 2267 est
1440 2211 1516 2282 apud
1538 2209 1696 2266 monachos
1719 2214 1908 2280 utrorumque

179 2284 258 2347 sest,
273 2283 479 2353 utEsepus⁴⁷⁵¹
495 2282 840 2350 doctorlabnlarnnnait:
856 2284 1029 2355 allocpatia-
1082 2284 1289 2349 coenobiorum,
1302 2281 1434 2339 videlicet
1447 2285 1613 2338 sanctorum
1639 2280 1816 2337 vincentium
1832 2296 1910 2335 mar·

203 2357 260 2417 tur,
274 2352 323 2425 qui
336 2353 483 2409 fortiorem
496 2354 549 2409 sibi
568 2354 747 2410 induxeritin
763 2356 884 2410 domum
898 2354 996 2410 snaml
1013 2373 1027 2407 n
1082 2355 1143 2411 tiris
1158 2354 1271 2411 etbeati
1286 2353 1457 2410 confessoris
1480 2352 1637 2418 benedicti,
1665 2352 1766 2408 diebus
1798 2356 1910 2407 mactas

204 2446 206 2450 ¹
239 2425 284 2479 27.
306 2424 418 2480 Dumin
439 2424 718 2496 Eublogimeuopolis
745 2425 838 2497 irruo)
861 2426 939 2481 urbis
959 2441 1030 2481 mos·
1083 2426 1310 2509 quadragesimas
1324 2424 1449 2481 vicissim
1465 2423 1517 2480 sibi
1548 2440 1649 2497 rogum
1661 2423 1796 2480 exhibere
1806 2422 1910 2477 carita·

205 2493 254 2550 nia
264 2499 451 2560 struerentur,
466 2497 510 2551 vir
530 2496 648 2567 quidam
677 2496 797 2553 tuncibi
812 2502 873 2552 erat
892 2495 1029 2553 suiacum
1083 2502 1120 2553 trs
1154 2497 1325 2552 ratiallum
1341 2496 1532 2567 bocqnadam
1552 2494 1828 2566 dieapudsanctum
1841 2493 1909 2549 Vin·

204 2565 289 2648 sociis
301 2566 330 2648 in
357 2567 598 2647 constructionem
619 2567 752 2624 civitatis.
769 2570 794 2623 ls
827 2568 954 2624 nondam
971 2584 1029 2639 praa
1083 2515 1210 2624 caudium
1225 2567 1327 2623 fratres
1338 2565 1504 2650 spiritaliter
1518 2568 1647 2638 agerent,
1664 2565 1770 2622 etilluc
1793 2565 1829 2620 de
1843 2580 1908 2645 sau·

204 2636 475 2718 nimiarndrmitate
490 2639 595 2710 linguae
610 2639 774 2711 perdiderat
787 2586 926 2701 odicium,
942 2642 971 2694 et
999 2655 1031 2694 er
1084 2643 1130 2695 cto
1149 2640 1184 2695 ob
1197 2639 1251 2694 hoc
1265 2638 1415 2693 benedicto
1440 2636 1544 2693 fratres
1560 2638 1702 2702 adessent,
1728 2636 1774 2691 die
1789 2637 1907 2691 Venena

203 2722 297 2763 annos
331 2709 444 2764 circiter
470 2714 578 2782 septem
610 2710 720 2765 nullum
747 2710 954 2767 omnimodos
989 2709 1030 2765 uit
1084 2714 1235 2781 tamqnam
1253 2709 1452 2781 pernicitatem
1483 2708 1589 2764 volucri
1610 2711 1726 2781 repente
1749 2723 1836 2779 super
1861 2722 1910 2762 eos

202 2778 332 2850 proferre
347 2795 517 2836 sermonem.
534 2782 666 2846 Quadam
681 2782 779 2853 itaque
794 2785 875 2838 nocte
886 2781 979 2837 lassus
993 2780 1029 2837 ab
1084 2781 1196 2840 Seodan
1208 2797 1257 2838 rex
1271 2781 1481 2838 Saracenorum
1491 2795 1557 2835 cnm
1568 2778 1626 2834 suis
1636 2776 1808 2835 satellitibus
1821 2777 1906 2833 venit.

202 2849 1607 2996 1111111111ῑέιὲ11111111111111111611111111111121111111111
1633 2848 1908 2976 1111111111

203 2993 344 3050 columnas
367 2993 469 3065 pedem
489 3010 553 3050 curn
576 2993 640 3051 aliis
667 2966 805 3053 residens.
829 2992 1028 3062 obdormirit;
1083 2994 1248 3059 sericordia,
1277 2993 1324 3068 qui
1349 2994 1408 3051 suis
1429 2992 1560 3050 fidelibus
1586 2992 1649 3049 ait:
1673 3013 1688 3044 a
1719 2991 1804 3049 Pater
1827 3007 1911 3048 mens

204 3081 289 3136 quem
306 3066 405 3120 beatus
434 3065 602 3122 benedictus
613 3081 664 3137 per
688 3066 781 3123 risum
809 3065 910 3122 baculo
936 3065 1029 3137 capite
1083 3082 1260 3139 nsquenunc
1274 3069 1419 3137 operatur,
1446 3070 1475 3121 et
1489 3081 1541 3137 ego
1565 3079 1678 3136 operor,
1701 3080 1753 3136 ego
1776 3063 1909 3134 inquam,

201 3135 374 3206 percutiens,
389 3135 540 3206 increpans
554 3136 612 3192 ait:
626 3156 640 3189 «
654 3136 715 3192 linc
728 3136 898 3209 properasti,
917 3136 1028 3208 inquid,
1083 3138 1228 3195 vobiscum
1243 3153 1307 3192 sum
1322 3137 1455 3193 omnibus
1481 3136 1591 3200 diebus,
1615 3139 1644 3191 et
1662 3151 1697 3192 ex
1722 3134 1826 3218 opibus
1836 3134 1911 3189 meis

204 3205 242 3260 ad
262 3205 494 3262 dormiendum?
521 3206 630 3291 Evigila
653 3223 732 3279 ergo,
755 3212 784 3265 ct
808 3207 898 3263 tribus
922 3206 1029 3263 vicibus
1084 3209 1228 3265 nemo⁴⁷⁸³
1237 3212 1441 3280 potestrapere
1451 3208 1487 3263 de
1496 3223 1583 3263 manu
1599 3206 1687 3277 patris
1699 3205 1850 3277 me1;quia
1860 3204 1908 3260 nbi

203 3291 294 3347 expue
304 3277 469 3332 interram!
487 3297 501 3329 n
528 3279 581 3343 Qus
604 3294 669 3334 cum
696 3279 750 3334 boc
771 3278 894 3344 fecisset,
909 3293 1029 3361 surgens
1084 3282 1140 3336 duo
1155 3279 1199 3335 vel
1214 3283 1272 3335 tras
1287 3277 1450 3351 congregati
1465 3277 1571 3334 fuerint
1586 3277 1615 3333 in
1636 3276 1754 3332 nomiae
1774 3292 1851 3341 meo,
1871 3275 1909 3331 ibi

203 3363 345 3409 scamno,
362 3346 534 3405 beneficium
548 3347 602 3403 sibi
633 3347 769 3405 collatum
796 3348 1030 3421 coepitomnrbur
1083 3367 1147 3407 sum
1158 3351 1186 3406 in
1209 3349 1305 3407 medio
1320 3366 1417 3406 eornm
1430 3348 1436 3405 l
1449 3369 1464 3401 o
1480 3350 1536 3405 Sed
1564 3364 1656 3422 neque
1681 3348 1777 3403 minus
1795 3347 1827 3403 in
1854 3346 1910 3402 boc

203 3417 295 3478 effari,
309 3423 338 3472 at
351 3417 393 3474 ita
405 3417 531 3490 perfecte
544 3418 632 3491 loqui,
644 3422 677 3475 ut
690 3428 757 3476 ante
780 3421 962 3492 septennium
978 3436 1030 3477 nec
1083 3439 1171 3494 quam
1184 3422 1293 3477 dudum
1306 3436 1358 3477 sno
1370 3418 1447 3477 fideli
1473 3418 1614 3476 concessit
1637 3418 1778 3475 Dominus
1791 3417 1911 3474 Benedi-

203 3487 494 3545 minussolituserat
511 3491 549 3545 At
569 3507 671 3547 omnes
698 3492 756 3548 Deo
776 3491 893 3549 landem
921 3491 1031 3563 paritor
1084 3498 1140 3560 cto,
1158 3491 1226 3565 qnia
1240 3491 1304 3549 etsi
1319 3508 1364 3549 res
1386 3490 1493 3547 tradita
1516 3490 1617 3547 fubsct
1629 3490 1771 3563 gentibus,
1796 3488 1912 3545 animas

205 3559 356 3616 dederunt.
1084 3569 1182 3622 mmea
1196 3562 1361 3619 custodiret.
1377 3561 1514 3619 Saraceni
1530 3577 1596 3618 raro
1610 3577 1697 3618 omne
1718 3559 1913 3616 demolierunt

239 3630 283 3687 28.
299 3628 415 3686 interim
428 3629 541 3702 gladius
565 3631 717 3689 dominicae
744 3632 951 3705 indignationis
975 3632 1031 3689 buc
1084 3634 1305 3698 monasterium,
1334 3632 1548 3717 confringentes
1571 3633 1682 3698 omnia,
1708 3630 1858 3688 frumenta
1884 3633 1912 3686 et

202 3701 325 3773 illucque
357 3701 528 3772 discurrens,
549 3703 578 3759 in
628 3703 833 3775 deliquentium
873 3703 1030 3760 cervicibus
1084 3703 1593 3776 leguminainflumineproJicientea.
1606 3702 1912 3774 Etdumbueilluoque

202 3776 407 3846 grassabatur:
423 3789 491 3829 nam
519 3790 650 3848 egressus
661 3777 697 3832 de
723 3776 827 3848 ragina
849 3791 910 3837 sna.
929 3791 1030 3832 omnes
1085 3776 1226 3845 foderent,
1243 3775 1400 3848 plurimum
1412 3777 1585 3831 absconsum
1600 3773 1913 3846 reppereruntthesan·

202 3846 342 3902 terminos
352 3861 403 3915 per
416 3845 568 3902 circuitum
578 3847 757 3902 devastabat.
775 3846 825 3903 llle
842 3845 1030 3918 impiissimus
1084 3865 1160 3915 rum,
1176 3846 1452 3912 coronasvidelicet,
1483 3845 1643 3901 ministeria
1666 3861 1761 3914 sacra,
1790 3847 1913 3915 etquot·

202 3914 612 3999 atquecrudeiissimuslatro‚
628 3938 642 3970 a
656 3934 742 3990 quem
757 3918 895 3973 Dominus
929 3933 1030 3989 percn-
1084 3924 1154 4003 quot
1180 3918 1271 3975 valuit
1300 3933 1361 3974 esse
1396 3916 1603 3973 ecclesiasticus
1629 3917 1732 3973 bonor.
1762 3914 1912 3971 Nefaudia·

200 3987 495 4058 tratgladroorissni‚
511 3992 540 4043 ct
566 3989 696 4045 destruat
719 3988 908 4045 illustratione
925 3989 1031 4045 adren-
1084 4007 1174 4047 srmus
1189 3988 1408 4045 auternSeodan
1429 4004 1478 4044 rex
1509 3987 1539 4043 in
1570 3986 1659 4044 sacris
1671 3986 1807 4044 calicibus
1834 3986 1911 4042 bibe·

201 4056 297 4114 tnssui
315 4057 322 4111 1
341 4078 354 4108 »
385 4057 428 4129 (lt
450 4058 537 4114 tneo.
565 4062 598 4127 ιι)
617 4059 665 4115 illc
688 4060 807 4142 pestifer
820 4061 945 4125 Seodan,
962 4076 1031 4131 quo·
1084 4063 1143 4127 bat,
1155 4066 1183 4118 ct
1193 4076 1261 4117 cum
1271 4058 1402 4116 turibulis
1417 4058 1511 4115 aureis
1530 4059 1679 4114 incensum
1691 4057 1745 4113 sibi
1760 4056 1824 4113 fleri
1829 4057 1912 4131 jube-

202 4131 270 4184 dam
289 4132 561 4203 temporeegressns
586 4147 604 4185 a
631 4132 738 4197 Barim,
755 4135 848 4186 totam
870 4130 1031 4186 devastabit
1085 4134 1144 4189 bat.
1158 4134 1226 4189 Post
1237 4131 1314 4188 diem
1329 4135 1426 4186 autern
1450 4129 1568 4186 tertium
1597 4129 1686 4186 reloci
1708 4145 1793 4185 cumn
1808 4144 1911 4200 prope·

204 4200 338 4271 Capuam,
364 4200 489 4267 Cantica,
517 4201 666 4272 Leporem,
695 4205 725 4257 et
760 4218 812 4258 sno
852 4201 1029 4273 nequissimo
1083 4202 1159 4259 ravit
1172 4220 1238 4259 cum
1253 4202 1312 4259 suis
1324 4200 1463 4257 ministris
1491 4202 1631 4273 usquead
1653 4204 1750 4272 portas
1766 4201 1912 4270 capuano

202 4271 307 4326 throno
320 4270 416 4342 posuit
426 4272 456 4327 in
467 4272 614 4343 campodc
629 4271 788 4343 Neapolim.
801 4271 899 4329 Nullus
910 4271 1030 4328 omnino
1049 4273 1218 4352 „civitatis
1241 4272 1373 4356 plaustra
1399 4274 1513 4336 onusta,
1534 4270 1681 4337 animalia,
1698 4269 1834 4326 homiues
1853 4269 1913 4342 plu·

201 4341 365 4413 preteribat
377 4342 532 4414 dies,quod
545 4344 583 4398 ad
594 4342 767 4415 quingentos
781 4347 848 4399 etan
857 4342 1031 4415 ampliusin·
1084 4345 1174 4401 rimos
1188 4360 1303 4416 capiens
1320 4347 1425 4414 ;atque
1440 4358 1474 4398 eo
1485 4342 1531 4398 die
1545 4343 1667 4408 rediens,
1683 4358 1764 4398 secus
1779 4339 1912 4397 Teanum

202 4414 346 4469 tertlceret
359 4412 539 4478 nominasset
552 4414 607 4471 boc
616 4415 704 4485 partis
718 4416 767 4452 “¹⁸¹
776 4415 894 4471 Defessa
907 4414 1028 4479 dicebat.
1085 4421 1179 4473 castra
1193 4418 1382 4472 metatusest.
1415 4412 1551 4470 Verentos
1572 4418 1671 4469 autem
1683 4411 1847 4469 beatissimi
1860 4413 1913 4471 Be·

201 4488 234 4539 ut
249 4484 319 4539 illud
331 4485 522 4555 compleretur
543 4484 757 4556 evangelicum:
782 4506 795 4538 c
811 4484 911 4541 Omnis
925 4486 974 4557 qni
989 4486 1031 4542 in·
1085 4487 1192 4544 nedicti
1204 4485 1338 4542 monachi
1346 4490 1375 4541 et
1383 4483 1459 4540 illius
1482 4484 1609 4541 ricinum
1627 4485 1785 4541 adventum
1805 4487 1837 4540 ct
1849 4499 1914 4539 suo·

199 4554 305 4609 terlicit
318 4570 377 4616 ros,
404 4556 559 4611 arbitratur
572 4573 603 4611 se
630 4556 799 4628 obsequium
825 4560 960 4627 praestare
972 4557 1030 4613 Deo
1086 4575 1150 4615 rum
1160 4557 1326 4640 periculum,
1354 4572 1405 4628 per
1425 4555 1626 4627 llagcnaldum
1647 4555 1809 4620 diaconem,
1825 4554 1914 4626 ipsius

201 4624 605 4696 (Jocn.xr1).»llamserrus
628 4627 678 4685 ille
701 4632 840 4699 tyrannus
851 4644 937 4699 super
947 4628 1032 4683 cada-
1086 4628 1254 4701 utmrtigari
1264 4628 1423 4699 potuissent
1450 4625 1643 4691 ferocitatem,
1667 4624 1762 4698 prima
1776 4625 1838 4682 rice
1862 4639 1914 4696 pre

207 4712 274 4750 reru
288 4699 467 4751 mortuorum
481 4697 593 4764 sedens,
611 4699 713 4755 edebat
733 4703 883 4770 tamqnam
898 4715 972 4755 unus
982 4716 1033 4770 pu·
1086 4705 1171 4773 pactu
1183 4699 1368 4755 contulerunt
1381 4697 1418 4753 ai.

202 4767 294 4824 tridua
307 4766 396 4823 canis.
413 4768 536 4824 Tandem
558 4769 663 4840 quasie
685 4771 765 4841 gravi
779 4785 882 4825 somno
896 4769 1033 4852 evigilan-
1122 4772 1167 4828 31.
1191 4772 1288 4826 Pando
1309 4767 1475 4842 Capuanitis
1555 4769 1650 4824 toldus
1672 4771 1774 4824 contm
1799 4765 1913 4823 Waifc·

202 4843 245 4895 tes
266 4838 316 4895 sed
343 4838 456 4909 gravati
487 4844 573 4921 atque
602 4840 751 4913 prmpediti
782 4840 879 4896 nimiis
907 4840 1032 4898 miseriis
1085 4842 1161 4900 riam
1174 4840 1410 4914 principemcnm
1435 4838 1496 4898 suis
1530 4839 1675 4896 ominibus
1698 4836 1788 4894 exirit
1808 4837 1841 4894 in
1857 4837 1914 4894 bal·

201 4909 400 4981 Wandelpert,
432 4912 461 4967 et
481 4910 651 4982 Marcipotus
678 4911 849 4983 gastaldius,
880 4915 908 4967 et
922 4911 1032 4968 Garard
1086 4912 1147 4969 lum
1162 4931 1169 4979 ;
1184 4911 1378 4984 moxquidem
1406 4910 1466 4981 ipsa
1486 4909 1563 4982 prius
1587 4909 1703 4975 corruit,
1733 4907 1840 4965 debinc
1864 4905 1911 4990 qui

201 4997 297 5038 eomes
309 4981 412 5054 (snt),
428 4998 494 5038 cum
519 4982 651 5053 plurimis
677 4982 741 5038 aliis
758 4981 911 5048 nobilibus,
926 4999 1032 5055 prope·
1088 4984 1204 5042 fueruat
1215 4999 1280 5039 cnm
1294 4999 1340 5046 eo,
1352 4980 1620 5054 victoriamqueade
1640 4986 1686 5037 tus
1700 4984 1744 5036 ast
1754 4978 1912 5035 Waiferins

201 5056 340 5110 raserunt
353 5054 557 5136 Beneventum,
577 5059 609 5110 ut
624 5053 1184 5183 communimffiilffffizncdrtffff
1196 5071 1229 5182 Sa
1250 5055 1304 5110 Per
1329 5052 1389 5109 boc
1399 5056 1532 5124 tempora
1559 4998 1673 5109 Sandan
1687 5066 1752 5108 cum
1768 5049 1911 5107 omnisne

239 5195 290 5231 ⁴⁷⁸⁰
303 5193 323 5249 i.
340 5212 364 5250 s.
381 5194 531 5253 rusticum.
571 5197 840 5269 ‘⁷⁸¹t.aAEsopus.
878 5196 1046 5269 ⁴³⁸⁸psrao.
1084 5199 1134 5234 *π’
1149 5213 1225 5270 nepo
1236 5212 1261 5253 o.

253 5335 324 5392 1699
350 5336 535 5394 Ponteoorro.
1007 5270 1211 5412 NOTAElifol)
1236 5340 1404 5396 Marsorum.
1436 5315 1514 5394 beol
1534 5337 1579 5394 33.
1596 5336 1639 5395 cl.
1667 5333 1746 5393 infra
1778 5329 1911 5391 Erebcm·

255 5407 342 5535 170ξέ
359 5406 607 5481 Eutoqiorcnopntb
622 5408 655 5466 id
677 5414 718 5468 est
745 5408 889 5466 Benedicti
907 5407 1032 5470 miletis
1084 5410 1171 5485 perti.
1186 5426 1202 5468 c
1220 5409 1266 5470 19.
1361 5461 1364 5467 «

206 5477 295 5544 Leol,
344 5495 525 5554 ,r.auprac.
544 5483 585 5539 19.
