3884 6050
180 244 247 342 ‘255
580 294 584 301 -
666 250 681 255 ’“
711 247 719 257 ”
760 246 921 333 bouusrr
938 246 1098 329 sensns
1114 270 1337 336 s·.rnuuou1s
1838 280 1895 341 sac

185 404 431 468 intercessionem
438 404 475 442 ‘⁸¹
488 402 656 462 lacrimosis
662 401 799 475 suspiriis
810 396 934 457 sedulus
946 412 1013 455 ora·
1029 394 1052 451 Α
1068 398 1182 456 mutuis
1196 402 1326 460 vultibus
1338 404 1502 463 seinvicem
1512 403 1705 463 intuentihus.
1719 406 1826 462 terum
1840 419 1894 462 an·

186 504 234 556 tor
245 495 370 554 fideliter
390 493 539 566 expetivit.
553 492 612 550 Nec
632 491 700 550 ridel
714 507 777 548 sun
799 488 940 563 petitione
953 485 1012 543 lru·
1067 487 1207 547 tariorem
1219 492 1343 564 capellas
1365 498 1480 567 partem
1508 500 1638 552 aeetero
1650 508 1740 568 opera
1760 493 1896 551 ominen-

187 589 299 643 stratus
313 585 368 640 est.
383 584 560 640 Sanctorum
574 580 655 638 enim
666 578 749 653 apud
773 576 1013 650 omnipotentem
1068 577 1172 636 tiorem
1188 579 1311 651 iaciens,
1322 583 1444 641 interius
1454 600 1520 642 eam
1534 584 1564 641 iu
1579 584 1726 641 directum
1738 597 1773 640 ex
1793 581 1895 657 politis

189 672 295 732 efficax
301 666 864 747 potentiafideliterpetentis,aaquibus
875 664 1014 723 astrictus
1068 667 1178 725 tabulis
1192 674 1221 726 at
1235 671 1418 745 columpnis,
1431 673 1553 730 vivariis
1565 677 1654 747 atque
1660 670 1805 746 capitellis
1813 670 1896 728 miri-

176 756 317 822 'erathoo
331 761 423 818 modo
437 759 574 817 dissolvit
588 758 656 816 terri
672 752 917 830 ligaminatllal.
928 754 1013 813 Octo
1066 755 1123 813 fica
1139 756 1264 832 sculptis
1274 762 1403 834 ornavit,
1414 762 1542 819 exterius
1548 777 1617 820 vero
1623 761 1761 819 undecim
1773 758 1895 830 magnis

188 852 251 910 bris
268 849 438 909 dominicus
447 848 522 919 dies,
533 864 594 922 quo
603 847 744 905 omnibus
755 843 945 917 exoccupatis
959 858 1013 915 po·
1067 844 1252 917 imaginibus
1278 866 1316 907 ex
1337 849 1407 907 albo
1430 851 1527 924 lapide
1551 849 1682 908 mirabili
1705 848 1893 908 ordinatione

188 940 278 1014 pulus
290 941 329 998 ad
344 938 500 996 ecclesiam
519 936 620 995 venire
635 938 720 1004 solet,
748 951 782 993 ax
796 949 879 992 more
891 932 1014 990 lastivus
1067 933 1223 1008 dispositis
1235 952 1303 994 eam
1314 936 1508 996 decoraritln
1519 939 1663 997 medio⁸⁸⁴
1677 942 1778 996 autem
1792 937 1893 1011 operis

188 1029 337 1096 illuxerat,
351 1022 1012 1086 etobmsmoriarndedtcsuonisecelasieno·
1068 1023 1237 1095 majestatis
1250 1024 1380 1099 effigiem
1406 1027 1566 1096 collocans,
1582 1027 1622 1085 ad
1648 1029 1802 1085 dexteram
1825 1024 1894 1098 ejus

188 1124 266 1185 sure,
282 1134 350 1194 quea
363 1117 500 1192 sequenti
520 1115 569 1174 die
594 1115 696 1174 lutura
707 1119 780 1182 arat,
801 1114 901 1187 major
926 1109 1014 1168 solito
1068 1113 1180 1170 sanctis
1194 1113 1351 1184 Trudonis,
1380 1116 1420 1175 ad
1442 1117 1539 1175 lesam
1562 1133 1634 1176 vero
1656 1116 1737 1175 beati
1758 1114 1896 1174 Eucherii

188 1207 283 1283 plebis
301 1207 390 1265 turha
410 1204 605 1265 confluxerat.
620 1203 780 1262 Sacerdote
794 1202 911 1260 interim
936 1198 1014 1257 inira
1067 1202 1242 1274 ymaginem
1252 1206 1364 1272 statuit,
1373 1207 1460 1281 quasi
1470 1223 1569 1280 genua
1577 1206 1807 1280 ipsicursantes,
1814 1220 1896 1262 eam·

186 1312 336 1356 canonem
351 1296 436 1353 altari
442 1295 614 1362 assistente,
623 1300 652 1352 et
666 1292 873 1369 populataclta
880 1304 1015 1348 reseran-
1068 1305 1128 1364 que
1137 1291 1276 1366 captibus
1287 1309 1392 1352 eorum
1404 1295 1540 1367 singulas
1552 1310 1680 1353 coronas
1692 1295 1894 1369 inponentem,

187 1387 230 1444 tia
245 1386 467 1452 circumstante,
482 1383 530 1442 ille
545 1386 926 1453 antesanctorumnorpora
940 1384 1015 1435 stra·
1068 1378 1211 1437 manibus
1223 1397 1326 1439 eorum
1353 1382 1527 1458 suppliciter
1549 1383 1697 1458 protensis
1724 1385 1895 1449 adorantes,

188 1474 336 1543 tus,solus
346 1473 486 1531 clamosis
494 1471 686 1544 singultibus,
694 1475 726 1528 ut
733 1485 802 1527 mox
810 1467 914 1543 patuit,
926 1482 1015 1524 aures
1069 1468 1264 1543 Supraquos,
1280 1468 1310 1528 id
1330 1477 1374 1528 ast
1389 1472 1462 1530 citra
1480 1472 1578 1546 ipsam
1589 1471 1754 1547 majestatis
1776 1469 1896 1545 ymagi-

191 1563 356 1637 majestatis
362 1561 557 1636 inquietabat,
567 1565 741 1635 eamqus,ut
750 1563 921 1616 sanctornm
928 1555 1016 1613 meri·
1068 1571 1150 1625 nem,
1162 1558 1305 1629 gemellos
1319 1560 1570 1637 angelosobliqua
1577 1563 1712 1636 jacentes
1727 1559 1896 1628 collocarit,

190 1653 281 1712 tissui
296 1652 494 1718 misereretur,
507 1650 628 1709 intentis
642 1648 779 1724 preoibus
793 1645 1014 1713 exorabat,eum
1069 1644 1188 1717 singula
1202 1647 1356 1708 thuribula
1374 1648 1404 1706 in
1421 1650 1563 1708 manibus
1584 1654 1718 1709 tenentes
1732 1655 1760 1707 et
1783 1649 1896 1706 intema

190 1741 289 1800 subito
300 1741 382 1798 velut
396 1740 426 1797 in
437 1739 531 1798 extasi
541 1742 646 1814 raptus
659 1738 772 1797 videret
783 1736 871 1811 quasi
883 1740 1015 1792 venuste
1029 1739 1053 1798 Β
1068 1734 1225 1793 nemorum
1240 1737 1303 1794 acie
1317 1735 1418 1811 ipsam
1444 1738 1618 1813 ymaginem
1643 1738 1843 1812 inspicientes.
1870 1738 1895 1793 Δ

190 1822 1015 1902 lormaaolerioum,osnitiespendidum,multolulgidum
1069 1822 1180 1881 dextris
1195 1831 1295 1885 autem
1311 1825 1387 1884 beati
1404 1826 1642 1902 prothomartiris
1657 1827 1809 1899 Stephani,
1829 1840 1896 1900 spe·

189 1914 908 1989 lumina,eoanoelloprogredientametadlocum
920 1926 1015 1986 usqua
1069 1912 1153 1971 cialis
1162 1913 1254 1987 hujus
1266 1915 1376 1972 domus
1394 1921 1459 1989 post
1471 1919 1564 1974 Deum
1579 1916 1754 1991 provisoris,
1770 1919 1798 1973 et
1811 1914 1895 1972 beati

188 2006 242 2065 uhi
256 2004 401 2064 scrinium
415 2004 511 2062 stabat
526 2004 708 2062 tendentem.
732 2008 769 2061 At
786 2002 838 2060 ubl
851 2000 1016 2074 appropin·
1070 2002 1339 2068 Quintinimartiris
1360 2004 1519 2077 ymagines
1534 2004 1646 2071 statuit,
1662 2000 1895 2062 asinlstrisvero

186 2112 281 2171 quare
294 2096 320 2152 ei
334 2095 423 2169 oepit,
437 2095 523 2166 virga
534 2109 628 2167 quam
641 2108 735 2152 manu
749 2090 888 2164 gestabat
902 2090 1014 2148 lerrum
1068 2090 1150 2148 beati
1168 2090 1294 2163 Remigii
1326 2094 1486 2150 Remorum
1512 2090 1729 2165 archiepiscopi
1748 2095 1777 2149 et
1797 2090 1896 2164 ipsius

187 2184 268 2261 quod
276 2183 427 2242 brachium
434 2180 828 2255 illiusamhiehatpercussit
834 2198 843 2254 3
853 2179 1015 2253 statimque
1069 2178 1196 2247 abhatis,
1211 2178 1397 2239 breviculum
1410 2182 1542 2239 inmanu
1557 2181 1701 2239 tenentis:
1717 2179 1896 2250 Dominedt·

187 2274 218 2331 in
234 2274 419 2346 duaspartes
429 2271 598 2330 divisumin
614 2278 691 2328 terra
701 2267 1016 2344 antepedesejuscaci·
1070 2269 1130 2327 hai
1138 2267 1897 2337 decoremdmnastuoe.0uatuornichilominusalias

187 2362 242 2431 dit,
259 2362 302 2421 sic
313 2364 414 2421 autam
434 2359 565 2418 lenientis
580 2359 656 2419 ictus
670 2358 810 2426 insonuit,
829 2362 861 2416 ut
875 2356 1015 2415 omnium
1068 2358 1226 2431 ymagines
1238 2357 1746 2434 longioridelapidesculptasoperi
1758 2357 1897 2432 lpsiinsa·

188 2452 283 2526 quiin
293 2450 385 2508 choro
398 2448 544 2507 sedebant
558 2462 747 2506 auressonus
757 2447 836 2504 idem
845 2445 1014 2522 perculerit.
1068 2448 1136 2513 ruit,
1150 2463 1169 2504 a
1182 2448 1313 2506 dexteris
1341 2447 1476 2506 videlieet
1489 2447 1583 2506 David
1602 2452 1631 2506 at
1645 2446 1790 2521 bloysem,
1814 2460 1833 2504 a
1855 2446 1898 2503 si·

189 2539 444 2599 Liberatushomo
459 2539 528 2596 etin
542 2536 759 2595 hocmiraeulo
773 2535 1015 2610 veniampeccati
1068 2536 1172 2595 nistris
1196 2537 1383 2596 Salomonem
1411 2542 1440 2595 st
1470 2539 1610 2611 Ysayam,
1640 2536 1760 2609 singula
1791 2533 1899 2592 brevia

190 2631 238 2689 sui
249 2647 281 2687 se
291 2630 535 2703 adeptumratus‚
553 2624 1016 2699 Deumetsanctosajusletoola·
1070 2631 1244 2684 sanctorum
1259 2626 1585 2684 meritislestimonium
1593 2624 1779 2699 perhibentia
1792 2625 1821 2681 in
1835 2639 1899 2682 ma·

192 2735 276 2779 more
291 2717 453 2785 benedixit,
469 2724 498 2774 st
523 2721 712 2789 congregatas
731 2714 915 2773 multitudini
928 2715 959 2771 in
979 2729 1016 2771 eo
1069 2714 1160 2772 nibus
1173 2715 1329 2781 habentes,
1342 2721 1371 2773 et
1384 2715 1555 2774 extansoad
1569 2730 1622 2773 eos
1631 2715 1729 2773 indica
1739 2714 1851 2772 intanta
1863 2710 1898 2771 ln

189 2807 340 2882 quodsibi
351 2806 503 2866 acciderat
517 2804 740 2862 festivamdiem
752 2804 870 2876 egregie
883 2803 1016 2861 letiorem
1070 2819 1123 2862 eos
1140 2804 1341 2878 respicientes.

188 2895 329 2967 reddidit,
344 2896 492 2967 nobisque
507 2894 607 2951 subito
622 2892 833 2951 inchoantibus
844 2908 972 2966 ymnum
986 2890 1018 2947 Te
1107 2898 1134 2951 a.
1151 2893 1366 2952 Consummato
1380 2893 1649 2968 itaquebocopero,
1663 2892 1789 2951 nonum
1796 2889 1900 2949 scrinii

187 2987 275 3046 Deam
288 2985 438 3053 hadamar,
450 2981 574 3055 clangor
590 2982 699 3058 pariter
709 2982 883 3055 concrepuit
896 2996 1017 3056 campa·
1072 2999 1145 3042 auro
1159 2989 1343 3059 argentoque
1358 2983 1516 3058 splendidi,
1527 2982 1558 3042 in
1571 2981 1900 3059 quosaneti,utdiolum

188 3091 307 3142 narum,
316 3079 345 3132 et
354 3073 513 3132 inlaudcm
522 3073 573 3130 liei
585 3077 792 3129 etsanctorum
806 3071 871 3144 ejus
884 3060 1019 3130 insonuit
1035 3093 1056 3150 c
1071 3078 1217 3140 est,arant
1228 3073 1598 3147 reconditi,insigniopsre
1609 3071 1766 3147 reparavit,
1781 3071 1901 3144 sculpta

190 3179 321 3223 unavox
334 3162 482 3220 omnium.
991 3163 994 3168 ’
1071 3163 1101 3220 in
1112 3177 1150 3219 sa
1161 3161 1325 3236 majestatis
1338 3162 1479 3236 ymagine
1493 3179 1562 3220 cum
1589 3161 1711 3234 geminis
1724 3164 1901 3218 sanctorum

226 3255 252 3311 δ’.
272 3251 365 3325 igitur
385 3267 454 3308 cum
476 3248 574 3306 abhas
590 3248 720 3306 Wiricus
743 3263 821 3321 opus
833 3248 870 3286 ⁸⁸⁸
898 3254 1019 3323 ceptum
1071 3249 1266 3326 ymaginibus
1280 3251 1404 3309 mirifice
1429 3251 1593 3309 deauratis.
1619 3251 1703 3307 lianc
1730 3253 1831 3307 autem
1858 3246 1901 3305 ab

179 3341 334 3400 'lestinato
346 3338 553 3398 consummari
565 3337 659 3404 vellet,
675 3342 703 3394 et
716 3336 754 3395 ad
768 3335 799 3395 id
811 3337 1018 3411 peragendum
1073 3340 1365 3398 abbateGuntrunuo
1379 3355 1453 3398 auro
1465 3339 1788 3411 nobiliterinsignatam
1801 3335 1901 3395 ahhas

192 3429 346 3503 operarios
358 3427 469 3501 jugiter
483 3432 610 3498 urgeret,
625 3426 747 3485 tandem
758 3426 874 3501 expleto
893 3426 1019 3484 triennio
1067 3423 1239 3486 'edelardus
1265 3428 1417 3486 secundus
1429 3429 1496 3502 ejus
1519 3443 1675 3485 successor
1694 3427 1759 3500 iam
1771 3444 1778 3458 ·
1788 3424 1901 3483 dudum

192 3517 359 3591 etamplius
374 3515 563 3589 Deoauspioe
577 3521 734 3589 totumpro
745 3521 814 3573 voto
828 3531 1021 3574 consumma·
1073 3517 1254 3576 distraxerat
1267 3517 1803 3593 inredemptionempredtorum,qus
1809 3512 1903 3572 eccle·

176 3595 243 3691 Jrit.
257 3606 341 3672 Quod
356 3604 423 3662 licet
437 3620 549 3677 magno
555 3605 657 3662 labore
664 3605 842 3680 magnisque
848 3604 1021 3678 sumptibus
1073 3608 1126 3665 site
1140 3607 1270 3682 piurima
1285 3609 1472 3685 acquisierat.
1484 3608 1598 3665 indicto
1608 3608 1645 3645 ⁴⁸⁸
1659 3606 1760 3681 itaque
1771 3610 1832 3661 tam
1842 3602 1903 3660 ira·

193 3694 357 3771 perlectum
369 3692 461 3751 luisse
481 3693 701 3766 comprobetur,
716 3694 904 3751 attestatione
918 3697 1020 3752 tamen
1073 3698 1272 3773 tribusquam
1283 3697 1396 3772 populo
1407 3696 1513 3754 celebri
1523 3691 1902 3771 jejunio,eosciroacivita·

192 3783 360 3842 incolarum
375 3787 404 3840 et
417 3781 457 3840 ab
469 3782 576 3840 exteris
587 3782 678 3839 etiam
690 3784 774 3840 terris
785 3783 966 3841 venientium
982 3784 1020 3841 de
1073 3792 1132 3845 tem
1144 3786 1303 3860 sollempni
1314 3785 1580 3860 processionalerri
1593 3783 1670 3849 iecit,
1678 3788 1707 3840 et
1720 3780 1903 3858 postmissa·

191 3873 255 3948 pari
273 3871 408 3945 lapidum
421 3875 553 3929 stuotura
576 3870 693 3928 nullum
713 3887 842 3946 usquam
867 3871 962 3929 simile
976 3888 1020 3931 re·
1072 3892 1141 3934 rum
1155 3875 1333 3949 sollempnia
1352 3875 1387 3932 de
1411 3875 1453 3931 eis
1468 3872 1523 3931 rite
1544 3872 1704 3940 celebrata,
1726 3875 1792 3948 post
1807 3869 1901 3928 altare

191 3959 1019 4035 peritur.Tantumeidaeoriscontulitstudiumindustrli
1072 3958 1900 4040 capellaevolainclusosadperpetuumnostrimunimen

190 4047 324 4116 artificis,
340 4054 373 4106 ut
383 4049 526 4106 omnibus
540 4048 571 4106 in
585 4056 679 4106 terrra
692 4055 800 4116 nostra,
811 4048 878 4108 licet
889 4066 1019 4124 operosa
1072 4069 1124 4113 eos
1137 4052 1313 4113 recondidit.

190 4137 1019 4211 varietatesplandidissimis,emineatpalatiisllistinclis
1107 4150 1134 4202 7.
1147 4149 1221 4202 Ante
1236 4143 1349 4217 aliquot
1360 4142 1425 4201 dies
1437 4157 1530 4216 quam
1549 4141 1608 4198 hoc
1623 4155 1702 4214 opus
1720 4137 1842 4213 capellae
1856 4137 1903 4196 in·

190 4227 272 4285 anim
285 4225 567 4299 lapidumdecenter
579 4226 747 4294 ordinibus,
756 4227 1019 4287 nuncalbosnunc
1071 4233 1240 4298 oboaretur,
1254 4230 1387 4289 cancello
1400 4231 1448 4299 ⁴⁸⁸,
1468 4230 1551 4304 quod
1578 4230 1700 4287 ardente
1715 4227 1902 4286 monasterio

190 4315 294 4390 nigros
309 4316 441 4374 vicissim
453 4316 535 4389 operi
545 4318 757 4374 convenienter
766 4318 900 4387 inseruit,
913 4322 1019 4378 tatam-
1072 4320 1519 4395 ignisuperfuerat,sstustataet
1527 4317 1655 4376 incendii
1662 4314 1901 4387 conflagratione

192 4418 252 4478 qua
268 4403 392 4478 capellae
419 4404 563 4463 fabricam
585 4404 722 4463 tabulato
737 4421 827 4480 opere
845 4407 1018 4466 distinctam
1034 4444 1058 4499 D
1073 4413 1224 4482 corrupto,
1239 4424 1294 4482 per
1309 4407 1441 4465 mediam
1456 4407 1513 4464 hac
1527 4405 1638 4479 illaque
1650 4404 1750 4462 volam
1765 4403 1899 4477 pluebat,

192 4489 363 4566 columpnis
370 4491 623 4563 nigrisetvivariis
632 4492 832 4550 cumhasibus
841 4491 1019 4567 benepolitis
1073 4497 1249 4570 fissurisque
1258 4494 1471 4562 crescentibus,
1485 4510 1524 4553 na
1540 4495 1644 4552 eadam
1653 4491 1723 4551 vola
1743 4493 1902 4565 repentino

192 4582 223 4636 et
235 4579 381 4652 capitellis
399 4580 476 4636 mira
498 4581 642 4638 varietate
662 4581 786 4654 sculptis
810 4581 892 4639 intus
907 4583 1018 4641 etioris
1073 4602 1145 4645 casu
1160 4584 1267 4642 suhtus
1281 4589 1390 4642 stantes
1402 4582 1593 4648 interimeret,
1610 4597 1671 4639 non
1695 4598 1804 4657 parvus
1818 4581 1901 4654 apud

193 4667 311 4738 egregia
324 4669 494 4735 vetustavit,
507 4674 744 4742 perpetuamque
770 4669 851 4742 apud
878 4673 1019 4730 mortales
1073 4679 1284 4733 omnesmetus
1302 4680 1374 4731 erat.
1397 4672 1453 4732 Sed
1466 4670 1614 4730 industria
1626 4670 1741 4729 Arnulfl
1755 4669 1900 4739 custodis,

193 4755 371 4813 memoriam
382 4758 495 4813 auctori
504 4756 625 4813 fabricae
636 4757 734 4829 operis
744 4756 953 4830 puchritudine
968 4760 1017 4817 de·
1074 4764 1121 4821 cui
1136 4764 1166 4821 id
1182 4761 1318 4821 offlciiah
1332 4759 1799 4833 ahbateinjunetumerat,eoque
1812 4756 1901 4814 virili·

192 4842 247 4902 dit.
263 4843 366 4900 Volam
381 4848 513 4916 pretorem
539 4859 607 4918 quse
639 4844 731 4903 altare
759 4851 869 4918 tegeret
889 4852 1020 4920 quatuor
1073 4855 1118 4909 ter
1132 4852 1161 4909 in
1173 4851 1204 4907 id
1213 4850 1548 4925 ipsumseacoingente‚
1559 4847 1632 4904 vola
1643 4847 1762 4903 ruinam
1772 4844 1900 4902 minanti

177 4927 390 4991 'sustentatam
403 4931 573 5006 columpnis
589 4938 712 4991 arcuato
723 4950 813 5008 opere
824 4934 979 5009 exstruxit,
988 4937 1019 4995 in
1073 4940 1237 4998 accelerato
1246 4954 1343 5013 opere,
1359 4938 1482 4995 sednon
1498 4937 1562 4994 sine
1582 4935 1701 5008 magnis
1715 4932 1900 5009 sumptibus,

190 5026 414 5095 quaquantum
432 5020 513 5079 licuit
530 5021 629 5080 abhas
656 5021 786 5081 Wiricus
813 5025 904 5083 vitam
923 5026 1020 5084 sancti
1073 5029 1158 5087 laeile
1174 5026 1323 5085 subvenit.
1336 5029 1410 5084 Nam
1432 5028 1608 5100 comparata
1634 5023 1742 5096 grandi
1767 5027 1797 5080 st
1809 5021 1901 5080 llrma

190 5110 312 5183 panoni
324 5108 373 5167 sui
387 5109 510 5183 depingi
525 5110 603 5171 lenit.
622 5111 723 5171 Fronti
746 5127 817 5171 varo
832 5114 928 5186 ipsius
943 5115 1020 5173 sola
1073 5118 1208 5185 materia,
1224 5119 1334 5175 tectum
1348 5113 1459 5188 partim
1472 5113 1624 5188 lapidibus
1644 5113 1753 5186 partim
1772 5110 1901 5184 plumbo

190 5197 360 5271 maiestatis
373 5197 547 5271 effigiemsx
556 5199 730 5278 alholapide
740 5203 888 5277 sculptam
898 5203 1017 5274 indidit,
1073 5210 1177 5277 tegens
1191 5203 1292 5263 solam
1303 5202 1450 5276 deposuit,
1466 5205 1496 5259 et
1520 5201 1677 5260 ommium
1690 5214 1753 5258 non
1766 5198 1900 5274 lapideo,

191 5302 262 5347 oum
275 5286 406 5359 geminis,
415 5287 596 5362 sumturum
612 5290 801 5364 smgulornm
818 5292 1017 5366 ,lmagmibua
1075 5301 1118 5363 nt,
1139 5297 1218 5362 aab,
1233 5289 1395 5362 saligneo
1415 5304 1507 5364 opera
1522 5291 1662 5350 deoanw
1674 5287 1792 5348 cshsit

873 5415 994 5475 vafflAE
1017 5417 1217 5478 hamanus.

230 5505 268 5547 ⁴⁸¹
278 5506 493 5595 marescalcus
509 5512 545 5569 l'.
584 5513 621 5550 ⁸⁸⁸
638 5511 843 5598 capellecddit
856 5530 934 5598 corr.
958 5516 1010 5563 Μ*
1024 5516 1174 5575 medio·
1187 5499 1381 5596 respicientes
1394 5512 1479 5584 am
1500 5510 1633 5573 Hastati.
1670 5511 1707 5551 *δ’
1733 5508 1850 5571 lndloto
1864 5540 1903 5557 ·-

193 5578 453 5658 remandasset
464 5582 594 5645 Hanni.
632 5585 671 5624 ⁴¹⁸
680 5585 792 5646 sonim
804 5585 952 5660 supemri
960 5586 1054 5649 choro
1067 5588 1099 5647 to
1112 5586 1247 5662 margine
1255 5584 1344 5647 addet
1356 5598 1435 5644 corr.
