3884 6050
44 303 121 368 1433
751 295 1031 364 ΡΒΟῘΕΘΟΜΕΝΑ.
1665 307 1742 374 lidii

40 432 209 494 necessarie
222 436 288 502 sint,
303 431 353 492 sed
365 432 431 508 quia
445 449 503 490 nou
512 432 647 493 omnibus
661 448 713 505 par
726 430 866 488 librorum
882 432 1083 506 Ateinporum
1096 435 1212 494 illomm
1227 440 1303 510 ;tum
1317 439 1398 496 testis
1412 456 1533 506 coaevus,
1542 443 1626 515 atque
1641 447 1672 499 ut
1682 441 1742 527 piu.

41 508 134 580 copia,
152 511 202 563 aut
218 507 402 577 antiquarum
416 506 736 570 rerumnotitiaest,eas
755 518 867 576 quoque
921 507 1125 563 rimumetiam
1141 526 1268 580 praesens
1282 513 1367 567 rebus
1380 529 1448 583 quas
1467 519 1575 582 narrat,
1593 514 1741 569 indubiam

39 579 117 636 hono
134 578 195 634 usui
222 577 334 634 futuras
347 577 487 648 aliquibus
507 594 598 649 spero.
921 577 975 634 albi
991 577 1074 633 tidem
1090 581 1231 643 conciliet,
1249 599 1282 638 ac
1297 583 1473 639 tenebricoso
1489 584 1538 639 illo
1561 602 1631 651 aero,
1647 584 1744 657 inopia

79 649 263 722 synchronus
279 648 344 703 huic
365 665 430 704 meo
456 649 546 704 labori
562 648 616 703 fuit
633 645 715 701 labor
727 645 812 717 longe
827 643 868 698 di·
921 649 1093 719 scriptorum
1108 667 1166 707 non
1180 652 1322 709 modicum
1354 654 1510 719 laborante,
1524 656 1677 727 propitium
1698 673 1743 712 ie·

40 720 126 847 gnior
140 719 297 775 doctissimi
313 719 441 790 mihique
455 716 621 776 amicissimi
636 714 868 797 P,Stampae,sed
922 719 972 774 luti
989 720 1066 777 sidus
1077 721 1220 795 affulgeat.
1235 725 1263 779 ld
1293 741 1382 780 unum
1408 727 1551 782 affirmare
1572 727 1661 792 valeo,
1678 744 1743 782 curii

65 792 151 846 iscors
162 790 191 845 in
204 790 391 870 supputandis
405 791 574 846 eorumdem
586 795 747 858 temporum
763 790 867 841 eventi·
921 791 1020 862 patrias
1033 809 1145 864 quoque
1155 799 1258 850 nostra
1273 793 1379 851 limites
1394 798 1547 868 egreditur,
1563 815 1743 853 summorum

44 863 97 918 bus
110 877 210 918 sensus
223 860 290 927 ;1llc
304 861 382 916 enim
403 877 579 934 anonymum
597 861 767 916 Comensem
779 872 868 926 nuper
922 861 1099 934 pontificum,
1128 864 1377 936 imperatorumue
1392 868 1551 940 principum
1571 874 1650 941 gesta
1665 886 1743 924 com·

41 931 546 990 excusumsuisnotisillustrandum
561 946 722 1002 aggressus,
750 929 869 1002 ejusque
922 949 1098 998 memorans,
1112 935 1151 990 ita
1171 936 1283 992 veritati
1294 954 1407 1009 semper
1433 938 1577 994 calamum
1607 943 1744 1011 attempe

44 1003 171 1080 vestigiis
192 1005 264 1078 pede
275 1009 340 1078 post
374 1004 512 1068 adaunot
534 1001 625 1069 aiunt,
642 1001 792 1068 inherens,
812 1006 869 1059 An·
922 1021 1010 1064 rasse,
1027 1008 1148 1061 ulame
1161 1006 1281 1063 collatus
1295 1025 1360 1063 cum
1375 1010 1467 1064 aetatis
1481 1009 1555 1064 illius
1570 1009 1743 1082 historiis‚ab

45 1078 169 1134 selmum
202 1021 635 1159 anaottiffiarebicpiscopum
668 1074 867 1156 agnoyitago
922 1077 1198 1152 asterisconscrlptls
1215 1079 1376 1136 consentire
1398 1097 1458 1137 curn
1484 1080 1661 1151 iisdempenc
1682 1099 1741 1138 om·

44 1146 283 1219 ierohandulpbi
297 1163 354 1202 mei
369 1146 534 1203 testimonio
550 1147 649 1208 fretus,
664 1161 777 1199 nonnisi
791 1160 867 1198 anno
923 1150 990 1204 nino
1014 1150 1153 1206 videatur.
1171 1153 1238 1217 Quae
1255 1157 1352 1207 tamen
1379 1152 1448 1208 lueis
1475 1153 1630 1224 plurimum
1644 1152 1745 1225 arripit

45 1219 114 1275 tito
128 1219 262 1274 eumdem
276 1217 397 1273 electum
413 1217 440 1272 in
453 1216 697 1287 archiepiscopum
712 1231 841 1296 asscietjo
859 1233 865 1280 ;
922 1235 955 1275 ex
971 1222 1075 1290 scripto
1091 1221 1258 1292 landulphi,
1282 1221 1405 1277 Historia
1429 1228 1471 1278 est
1490 1222 1719 1290 mediolanensis,
1734 1243 1742 1288 3

44 1291 121 1345 unde
136 1288 338 1360 chronologica
348 1289 423 1344 inter
449 1305 500 1344 iios
513 1287 650 1343 dissensio
669 1303 725 1341 non
746 1286 866 1341 modica
921 1290 1147 1362 chronographis
1160 1292 1369 1354 nostrisCorio,
1381 1293 1496 1354 Calcbo,
1512 1293 1640 1364 llorigia,
1662 1294 1744 1364 ilipa·

43 1359 221 1417 difficultatis
233 1359 455 1422 emersitilanc,
473 1363 503 1413 ut
518 1374 566 1428 per
582 1358 692 1416 litteras
708 1356 866 1411 familiares
921 1362 1042 1416 montio.
1060 1361 1189 1433 aliisque,
1203 1365 1231 1417 iii
1248 1362 1451 1445 iisquaeadilla
1465 1367 1744 1446 temporaspectant,

43 1430 183 1487 intellexit
206 1429 398 1502 praelaudatus
412 1429 593 1492 Muratorius,
614 1444 659 1492 ea,
670 1443 726 1498 qua
738 1431 863 1497 praestat,
922 1432 1003 1494 adeo,
1019 1431 1148 1496 confusa,
1177 1437 1207 1487 ut
1230 1433 1360 1488 extricari
1389 1433 1433 1488 vix
1462 1437 1560 1504 possit.
1581 1433 1681 1488 iliram
1703 1437 1746 1488 est

43 1502 75 1556 in
90 1500 215 1557 historiis
230 1499 366 1556 facilitate
381 1499 478 1555 statim
493 1498 646 1553 conciliare
658 1497 776 1563 studuit,
796 1513 867 1567 prm·
921 1505 1028 1572 quanta
1043 1502 1118 1559 inter
1131 1503 1220 1571 ipsos,
1236 1504 1357 1560 varietas
1373 1503 1443 1558 sitin
1457 1505 1631 1574 assignanda
1641 1503 1745 1559 Medio·

43 1571 241 1643 rationemque
261 1570 405 1626 conteruit
418 1570 455 1625 ad
478 1569 612 1624 eumdem
628 1571 707 1623 Arion
730 1583 820 1635 mum,
836 1566 866 1621 in
920 1570 1083 1627 lanensium
1096 1573 1256 1628 antistitum
1270 1576 1345 1638 sede,
1362 1591 1427 1630 cum
1444 1574 1555 1646 integro
1574 1574 1745 1646 quandoque

42 1659 98 1713 qua
109 1642 229 1698 candide
256 1641 405 1698 affirmans
429 1640 566 1703 olricum,
580 1639 625 1720 etti
640 1585 792 1718 Absolutus
806 1654 867 1692 suc·
921 1642 1058 1698 decennio
1071 1643 1231 1713 aliquorum
1252 1651 1321 1699 aetas
1333 1646 1507 1708 decurtatur,
1525 1645 1648 1700 aliorum
1675 1661 1742 1699 vero

42 1712 135 1777 cessit,
151 1712 266 1768 nonnisi
295 1728 371 1767 auno
387 1711 455 1767 1116
468 1727 500 1766 er
523 1710 576 1764 bac
587 1713 647 1765 etta
658 1711 820 1773 decessisse,
836 1712 867 1762 ut
920 1713 1128 1769 ultramodum
1149 1714 1342 1785 producatur;
1358 1724 1533 1786 prepostero
1549 1714 1744 1771 etiamordine

44 1800 96 1855 ego
110 1783 198 1839 statui
213 1787 314 1839 contra
327 1783 465 1863 adductos
485 1780 522 1862 ibi
548 1780 643 1862 plures
657 1778 784 1862 egregios
797 1777 864 1861 scri·
881 1752 904 1811 B
920 1784 1088 1838 eorumdem
1102 1785 1242 1840 successio
1257 1785 1389 1850 retertur,
1415 1785 1478 1840 aliis
1493 1790 1560 1840 ante
1581 1785 1652 1840 alios
1668 1785 1744 1841 male

43 1861 149 1926 ptores,
180 1853 371 1909 nihilominus
390 1851 524 1908 credibile
538 1855 579 1906 ait
610 1850 809 1906 Olricoadbuc
828 1865 867 1903 vi·
920 1853 1741 1927 collocatis:gestadeniquequampluradissonisprorsus

44 1925 263 1981 ienleelectum
276 1924 363 1979 etiam
380 1923 546 1978 anselmum
563 1921 590 1976 in
621 1919 866 1991 archiepiscopum
920 1924 1033 1980 veritati
1049 1925 1259 1982 narrationibus
1274 1927 1500 1982 accumulantur.
1525 1927 1593 1980 ilem
1607 1925 1744 1996 exemplis

42 2000 76 2052 ut
89 2012 165 2052 nunc
180 1995 300 2050 dicimus
315 1995 523 2064 coadjutorem,
545 1992 791 2063 quemadmodum
802 1992 866 2063 jam
920 1995 1078 2060 firmarem,
1095 1997 1149 2052 nisi
1174 2013 1417 2067 supervacaneum
1443 1998 1589 2051 crederem
1619 1996 1673 2062 bic,
1694 2011 1745 2066 per

42 2066 73 2121 in
87 2084 138 2122 usu
158 2063 286 2122 Ecclesiae
302 2066 388 2120 luisse
403 2081 435 2119 ex
450 2063 639 2119 Thomassino
654 2062 751 2133 liquet.
768 2062 867 2116 llu'us·
921 2067 1122 2137 compendium
1151 2083 1264 2137 quoque
1285 2083 1449 2138 congerere,
1478 2083 1540 2137 quta
1565 2071 1624 2121 toto
1654 2066 1744 2121 leima

45 2136 123 2192 modi
139 2141 237 2191 autem
249 2135 484 2191 consuetudinem
495 2135 523 2189 iii
547 2132 672 2189 Ecclesia
686 2149 797 2213 quoque
841 2146 868 2186 e·
921 2154 1006 2207 opere
1021 2139 1159 2193 adnotare
1173 2137 1292 2192 minime
1308 2137 1397 2192 omisi.
1428 2138 1475 2193 llis
1503 2136 1744 2191 autemomnibus

47 2206 207 2263 dioltmensi
222 2206 342 2277 viguisse
355 2204 466 2268 asterii·
487 2210 549 2259 lum
564 2205 618 2258 hoc
633 2202 759 2259 Anselml
772 2219 868 2257 exem·
921 2207 1110 2263 emendandis
1124 2207 1477 2279 prestoesttandutpbus,
1488 2207 1648 2278 quinarem
1660 2206 1744 2262 veluti

65 2277 103 2342 1⁰,
120 2282 182 2333 lum
198 2277 254 2333 alio
267 2275 375 2348 atgisit,
387 2289 473 2356 quem
502 2273 627 2330 triennio
647 2278 714 2328 ante
742 2277 867 2327 mortem
922 2277 1025 2332 iaciem
1064 2277 1189 2334 historiae
1228 2277 1442 2342 Mediolanensi,
1485 2278 1622 2348 precipue
1659 2276 1745 2332 eccle-

46 2295 74 2403 ἕ.
98 2347 213 2403 Galdini
236 2347 300 2429 jam
320 2345 567 2418 archiepiscopum
587 2344 730 2415 opinatur,
753 2342 867 2398 innixus
921 2347 1043 2404 siasticae
1059 2349 1180 2404 induxit.
1198 2349 1335 2414 Quocirca
1356 2347 1443 2403 etlam
1469 2365 1525 2403 nori
1555 2348 1744 2416 incongruum

46 2417 300 2489 subscriptionibus
320 2417 355 2472 ad
376 2415 545 2487 diplomata.
570 2416 605 2470 de
624 2414 726 2496 quilius
747 2412 775 2467 in
793 2413 868 2494 notis
921 2418 1018 2488 putavi
1033 2419 1135 2474 seriem
1151 2418 1382 2491 chronologicam
1397 2434 1494 2473 rerum
1510 2417 1546 2472 ad
1559 2417 1612 2473 hoe
1625 2417 1745 2472 tandul-

46 2488 219 2553 eritsermo‚
236 2485 444 2546 etauctoritate
473 2484 610 2557 anonymi
631 2501 728 2565 ipsius,
755 2499 805 2565 qui
830 2484 867 2537 ad
921 2488 970 2560 phi
986 2506 1056 2559 opus
1067 2489 1252 2560 spectantium
1269 2489 1297 2543 in
1314 2490 1406 2559 primo
1419 2489 1546 2560 eiusdem
1569 2487 1745 2542 irontedeli-

46 2575 156 2614 annum
181 2559 247 2616 1123
269 2559 304 2613 de
327 2555 466 2613 Anselmo
488 2555 584 2610 scribit
607 2571 613 2611 :
633 2554 867 2624 archiepiscopus
921 2565 1040 2629 gereni
1055 2559 1139 2613 unico
1153 2559 1239 2614 veluti
1263 2561 1363 2614 obtutu
1378 2575 1566 2614 remomnem
1587 2557 1656 2612 inibi
1683 2573 1744 2629 per-

45 2628 264 2692 inthronizatus,
273 2628 322 2683 sed
343 2628 418 2683 male
431 2631 541 2697 pacina.
558 2629 594 2679 At
608 2641 660 2707 ego
671 2641 791 2680 veneror
805 2640 868 2680 eru·
921 2633 1074 2684 tractatam
1087 2629 1238 2684 commode
1252 2629 1341 2684 lector
1352 2628 1498 2699 percipiat.

44 2700 182 2754 ditionem
197 2697 354 2754 doctissimi
369 2697 433 2762 viri,
451 2711 552 2752 verum
572 2695 600 2750 in
616 2712 631 2749 e
646 2711 678 2749 us
693 2693 867 2751 sententiam
957 2700 994 2754 tit
1006 2698 1081 2754 hanc
1095 2699 1251 2755 editionem
1265 2699 1437 2754 adornarem
1450 2699 1507 2752 duo
1521 2696 1592 2751 mihi
1602 2695 1744 2767 exempla·

43 2769 120 2826 flecti
135 2785 192 2824 non
206 2785 333 2840 possum,
349 2767 525 2851 argumentis
541 2767 615 2820 baud
641 2765 739 2821 eribus
754 2766 864 2830 ductus,
921 2769 965 2824 ria
979 2770 1015 2825 ad
1030 2786 1134 2825 matius
1149 2770 1227 2824 tuere
1240 2769 1268 2824 iii
1295 2768 1483 2823 ambrosiana
1509 2767 1689 2831 bibliotheca,
1704 2766 1744 2822 al·

45 2857 109 2912 quac
122 2842 159 2895 ad
173 2845 272 2896 notam
287 2843 304 2895 6
328 2839 429 2910 capitis
448 2838 482 2893 37
511 2837 608 2911 reJeci,
632 2852 668 2891 ne
691 2837 737 2891 hic
761 2835 866 2891 diutius
921 2842 1015 2896 terum
1029 2840 1214 2896 aclarissimo
1229 2839 1384 2895 liciatorio
1399 2839 1428 2893 iii
1442 2837 1610 2908 praefatione
1625 2852 1743 2892 suama-

44 2909 178 2966 lectorem
193 2926 321 2966 morarer
336 2929 343 2969 :
363 2908 579 2993 nequeproinde
591 2906 633 2962 vel
650 2906 800 2962 minimam
816 2908 867 2962 du·
919 2915 1077 2974 moratum,
1094 2910 1215 2966 alterurn
1229 2925 1295 2964 vero
1309 2911 1385 2980 quod
1399 2925 1433 2965 eo
1443 2910 1626 2980 postmodum
1637 2907 1741 2977 reperi,

45 2980 85 3037 cit
96 2981 201 3037 rimam
213 2981 261 3037 illa
273 2979 686 3060 conjunctioanimorum‚qua
706 2994 756 3033 nos
770 2978 867 3033 arctis·
920 2997 985 3037 eum
1001 2985 1112 3037 vestem
1124 2980 1382 3051 manuscriptorum
1405 2979 1694 3041 molemevolrerem,
1711 2982 1743 3033 ut

44 3052 119 3107 sima
134 3054 312 3108 necessitudo
326 3051 496 3123 constringit
516 3068 524 3117 ;
553 3050 621 3121 quin
632 3053 716 3121 Juxta
731 3048 806 3120 leges
821 3049 865 3103 iii·
919 3050 948 3107 ln
961 3069 1028 3108 suas
1047 3053 1144 3108 thecas
1154 3056 1239 3122 atque
1262 3049 1387 3106 indicem
1398 3050 1601 3121 redigerentur.
1612 3052 1743 3105 Testatur

43 3140 143 3195 genuae
158 3123 291 3179 amicitiae
308 3126 363 3189 ast,
379 3119 797 3244 possennumquemqticlibere
808 3101 902 3201 sin·C
920 3128 1017 3180 autem
1031 3123 1058 3179 in
1074 3125 1134 3193 eius
1149 3122 1243 3178 lronte
1256 3121 1300 3177 lo.
1314 3122 1454 3177 Antonius
1468 3120 1678 3185 Castillioneus,
1692 3136 1741 3192 pu·

44 3210 163 3264 ceraque
174 3208 340 3265 expromere
355 3210 469 3248 sensum
482 3206 576 3257 suum,
593 3195 624 3247 ut
638 3207 652 3247 c
665 3194 724 3263 igat
738 3191 865 3245 eruditus
919 3194 1019 3258 blicus,
1035 3198 1067 3251 tit
1079 3194 1138 3264 lpse
1153 3194 1202 3253 ait.
1219 3191 1362 3255 imperiali
1378 3191 1548 3247 auctoritate
1561 3190 1697 3252 notarius,
1713 3207 1743 3246 se

44 3263 143 3329 lesslot·
157 3281 243 3336 quam
260 3264 425 3320 melioribus
438 3262 584 3320 suffultam
594 3261 786 3317 fundamentis
789 3261 866 3334 judi·
919 3264 1066 3335 exemplar
1079 3265 1154 3320 istud
1168 3261 1322 3318 contulisse
1335 3279 1399 3317 cum
1421 3260 1599 3333 autographo
1613 3260 1706 3315 Caroli
1726 3276 1744 3316 a

44 3334 151 3390 caverit
166 3338 288 3407 partem.
918 3334 1035 3390 Basilica
1062 3335 1139 3390 Petri
1162 3351 1176 3388 e
1197 3332 1283 3404 iseopi
1308 3331 1500 3395 Novariensis,
1517 3332 1545 3386 in
1567 3330 1686 3402 collegio
1713 3331 1741 3385 S.

81 3408 233 3471 Caeterum,
249 3410 280 3461 ut
291 3407 325 3462 de
341 3405 503 3476 prestantia
515 3405 601 3479 hujus
617 3404 748 3460 ilistoriae
758 3402 866 3475 aliquid
919 3406 1006 3461 Marci
1015 3405 1153 3461 Novaria.
1187 3421 1236 3460 um
1249 3404 1293 3458 his
1318 3421 1370 3473 ego
1384 3403 1581 3465 (adlaborante
1597 3402 1686 3457 etiam
1699 3401 1743 3455 in·

45 3475 196 3541 disseram,
209 3476 239 3530 id
249 3493 336 3533 unum
349 3476 476 3548 prolerre
487 3476 745 3540 sulliceret,statim
755 3492 787 3531 ac
802 3491 865 3547 pro·
920 3476 1033 3532 defesso
1047 3477 1107 3532 viro
1119 3474 1248 3545 Philippo
1259 3474 1409 3545 Argelato)
1429 3472 1684 3544 metropolitanum
1699 3489 1744 3528 co-

45 3547 123 3602 diere
134 3546 162 3600 in
178 3546 270 3601 lucem
286 3547 423 3602 nonnulla
439 3547 568 3620 ejusdem
596 3547 768 3629 fragmenta,
789 3545 866 3600 Puri·
920 3548 1011 3604 dicem
1027 3546 1144 3611 contuli,
1161 3550 1246 3616 atque
1259 3545 1425 3601 indevarias
1440 3543 1596 3600 nonnullas
1608 3543 1743 3599 lectiones

44 3615 127 3672 aellio
138 3615 280 3687 vulgante,
297 3622 414 3697 excepta
431 3615 515 3672 luisse
528 3619 563 3671 ab
578 3617 770 3672 eruditisiiris
785 3621 865 3671 tanto
920 3617 1045 3689 decerpsi
1060 3634 1130 3689 quas
1143 3615 1352 3672 obscurioribus
1362 3615 1430 3671 locis
1445 3614 1570 3671 auctoris
1581 3614 1671 3670 nostri
1686 3614 1745 3670 eltt⁴

43 3686 865 3758 plausu,utinsuasquisquelucubratioues,illecertatim
919 3688 1049 3743 cidandis
1073 3688 1142 3743 satis
1170 3690 1345 3809 opportunas
1372 3686 1479 3748 censui,
1500 3702 1604 3756 easque
1632 3684 1742 3755 signari

44 3756 774 3828 transterrecuraierit.liseaimPapebrocbiusexe
795 3757 865 3810 esim
920 3758 1047 3813 numeris
1075 3757 1195 3813 arabicis
1239 3758 1267 3810 et
1281 3758 1308 3824 2,
1324 3761 1356 3810 ut
1370 3772 1403 3811 ex
1417 3772 1472 3826 quo
1487 3756 1585 3810 codice
1600 3759 1688 3808 erutae
1701 3755 1743 3809 1ο-

44 3845 127 3885 suam
145 3826 397 3885 Mediolanensium
412 3825 573 3881 antistitum
586 3826 674 3893 ausit,
690 3774 825 3897 Ughellus
837 3825 866 3880 lti
920 3832 985 3883 rent
998 3828 1087 3882 lector
1095 3827 1275 3898 dignosceret
1290 3842 1297 3889 ;
1313 3825 1488 3896 primoenim
1503 3840 1624 3879 numero
1637 3824 1744 3879 indica·

44 3898 127 3956 ltalia
142 3915 223 3954 sacra
236 3897 391 3968 plurimum
402 3895 496 3967 episco
518 3913 598 3952 orum
607 3899 726 3951 lacunas
734 3895 866 3966 explerit,
921 3897 1119 3967 turexemplar
1130 3895 1283 3953 Muratorio
1290 3895 1353 3969 jani
1368 3900 1477 3959 notum,
1487 3896 1611 3950 secundo
1623 3894 1741 3950 alterum

43 3970 147 4042 Pagius
159 3966 304 4027 uberiores
315 3970 351 4023 ad
371 3967 486 4023 Baroiiii
499 3914 651 4022 historiam
664 3966 867 4021 criticasnotas
920 3967 1014 4025 Caroli
1029 3984 1045 4023 a
1060 3967 1180 4023 Basilica
1198 3964 1277 4024 Petri
1291 3983 1308 4021 a
1323 3982 1369 4021 me
1392 3982 1484 4035 nuper
1497 3964 1659 4020 inventum.
1682 3965 1744 4020 lita·

45 4038 352 4104 adornavit,utsileam
361 4036 485 4109 privatos
495 4035 795 4108 quampluresurbium
805 4037 866 4092 liiii·
921 4044 988 4094 sunt
1002 4041 1037 4095 de
1052 4040 1186 4120 quibuste
1200 4036 1341 4092 monitum
1356 4037 1448 4101 tolui;
1461 4037 1484 4092 si
1498 4036 1567 4107 quid
1579 4035 1669 4092 inboc
1679 4052 1744 4091 meo

43 4111 193 4177 timarum,
205 4114 292 4181 atque
307 4114 419 4165 exteros
429 4109 517 4165 ctiam
532 4109 694 4190 scriptores,
708 4106 756 4180 qui
769 4108 866 4180 magni
921 4110 1019 4165 labore
1032 4126 1125 4165 minus
1140 4107 1293 4181 probatum
1308 4107 1470 4174 offenderis,
1486 4107 1607 4180 benigne
1617 4105 1743 4179 indulge,

43 4182 136 4239 iecere
150 4184 297 4238 auctorem
312 4185 444 4237 nostrum
456 4178 486 4235 in
506 4179 699 4236 describendis
715 4179 867 4235 annalibus
921 4184 949 4237 et
963 4180 1035 4235 rale.

460 4437 713 4562 sattius
769 4436 1334 4563 CHRONOLOGICA

108 4738 335 4834 annuit
388 4737 473 4832 lin
530 4737 703 4833 nnita
761 4739 1131 4837 uisroiiiaii
1185 4734 1684 4834 esuriunrtriuii

624 4972 661 5028 IN
689 4970 963 5031 COMMENTARHS
989 4971 1153 5029 nicasia.

77 5224 160 5280 Anno
174 5225 254 5280 1093,
269 5225 426 5292 Conradus,
444 5225 555 5284 Henrici
572 5229 607 5283 lll
622 5244 671 5284 seu
700 5227 737 5283 lV
752 5228 821 5300 imp.
838 5229 870 5283 ii·
883 5235 906 5294 1)
920 5245 988 5300 pum
999 5228 1148 5285 uedtotan.
1163 5228 1356 5283 consecratur.
1372 5223 1439 5293 Cap.
1454 5225 1480 5288 l,
1496 5240 1575 5279 nam.
1593 5229 1615 5278 t.
1628 5255 1662 5266 -
1675 5224 1747 5279 Con·

42 5294 106 5361 lius,
122 5296 270 5352 liodoetiae
284 5313 316 5352 ac
331 5298 482 5354 bledoliani
497 5302 532 5354 ab
546 5300 686 5358 Anselmo
700 5299 866 5370 archiepisc.
923 5301 1019 5366 radus,
1037 5299 1193 5360 ltaliaerex,
1207 5297 1237 5352 iii
1253 5295 1607 5366 Tusciampergitnuptias
1622 5295 1747 5350 celebra·

40 5371 205 5423 coronatur.
219 5369 286 5436 Cap.
302 5370 327 5433 1,
348 5386 427 5425 aum.
445 5372 488 5425 ii.
512 5402 545 5413 —
577 5371 729 5427 Anselmus
752 5370 865 5426 lleiliol.
921 5375 1012 5425 turus.
1026 5372 1097 5440 Cap.
1109 5371 1135 5434 l,
1158 5386 1236 5423 num.
1252 5370 1296 5423 31.
1314 5370 1464 5422 -Beatus
1488 5366 1746 5422 Albertustllunia·

40 5436 156 5507 archiep
186 5437 317 5492 moritur.
342 5438 407 5495 ibid.
920 5441 1012 5496 censis
1025 5439 1143 5496 Pontidii
1158 5438 1364 5495 monasterium
1376 5438 1482 5493 condit.
1500 5437 1567 5509 Gap.
1579 5438 1703 5505 iterim.
1717 5438 1742 5491 1.

76 5508 154 5563 1095.
181 5509 310 5566 Urbanus
330 5510 351 5565 ll
378 5510 532 5566 Placentiae
557 5511 699 5581 synodum
728 5511 863 5567 celebrat.
955 5511 1034 5567 1096.
1051 5515 1191 5567 Armanas
1216 5511 1293 5565 card.
1315 5509 1472 5579 eligiturin
1495 5509 1668 5565 brixiensem
1684 5507 1745 5576 epi·

41 5578 110 5650 Cap.
124 5579 169 5632 28.
181 5596 256 5635 nam.
271 5579 288 5634 6
303 5580 497 5636 Mediolanum
509 5581 595 5638 venit.
607 5582 691 5652 itta,
706 5599 787 5637 iiiam.
799 5584 864 5637 7.-
918 5599 1046 5653 scopum.
1059 5583 1125 5652 Cap.
1144 5584 1169 5643 1,
1181 5598 1257 5637 num.
1270 5587 1296 5636 t.
1308 5611 1342 5622 -
1358 5581 1485 5638 Urbanus
1499 5580 1521 5635 ll
1544 5598 1559 5637 e
1575 5579 1672 5635 Galliis
1696 5592 1744 5632 re-

38 5649 212 5723 arnulphus,
245 5651 370 5708 anselmi
389 5651 423 5711 lll
442 5667 596 5717 successor,
620 5653 648 5707 in
672 5653 861 5729 archiepisco·
917 5654 974 5709 dux
989 5654 1179 5711 Mediolanum
1191 5654 1295 5709 iterum
1307 5651 1393 5717 venit,
1409 5659 1438 5708 et
1450 5652 1480 5706 in
1503 5651 1610 5722 templo
1630 5650 1742 5704 Sanctae
