3884 6050
55 344 119 409 ott
409 345 617 412 CHRONIOON
638 344 852 418 caementa.
873 384 913 400 -
933 351 1006 414 nin.
1029 350 1067 414 lv
1090 346 1261 415 AUCTORE
1280 336 1410 413 PETRO.
1706 336 1768 406 cib

52 478 182 535 nimium
194 477 222 535 ei
234 493 289 536 vos
300 475 484 552 imposuisse
494 481 652 539 molestam
659 478 886 558 canemquam
901 486 926 549 Α
941 481 1068 541 alumni
1087 480 1235 541 memoria
1249 479 1340 552 digno
1353 477 1549 538 invictissimo
1570 477 1698 548 augusto
1714 475 1766 533 ce·

51 567 108 625 vix
121 566 246 625 sustene
260 572 361 641 poseat
372 586 379 639 ;
392 569 444 642 jos
459 570 540 628 enim
555 571 732 645 episcopale,
745 574 826 647 qnod
840 574 886 632 sul
939 571 1005 630 rulo
1025 573 1170 638 retexam,
1200 570 1253 643 qui
1273 568 1382 627 relictis
1403 565 1610 642 imperialibus
1639 563 1764 638 sceptris

51 655 191 715 habuere
213 656 451 731 praedecessores
474 660 616 717 anteactis
639 661 829 735 temporibus,
854 678 887 721 se
939 661 1117 734 augustique
1136 658 1344 733 dignitatibus,
1369 656 1568 716 cenobialem
1587 654 1659 714 inibi
1676 654 1765 711 vitam

52 745 141 803 nullo
154 746 252 814 modo,
273 745 356 804 nullo
378 752 474 821 paulo,
496 748 578 806 nulla
601 749 717 807 ratione
740 750 886 810 dimittere
938 749 1064 822 exegit?
1090 748 1167 817 Quid
1182 748 1272 806 οιίιω
1301 749 1340 805 de
1371 747 1465 822 ipsius
1485 745 1580 805 caroli
1606 744 1696 803 tratre
1723 743 1766 801 Pi·

50 849 160 907 posse.
172 854 187 884 u
202 835 357 893 lotharius
368 836 532 911 imperetur
543 836 633 894 dixit:
646 860 660 890 α
675 840 734 897 llos
747 839 887 898 casinen·
938 840 1012 914 pino
1027 839 1165 905 referam,
1181 839 1234 912 qui
1245 838 1276 895 in
1291 837 1450 898 carmania
1460 835 1590 910 positus,
1614 850 1685 892 cum
1708 832 1767 892 lra-

50 938 121 980 sem
136 922 304 997 ecclesiam,
327 929 360 981 nt
372 925 437 997 jam
456 941 533 998 saepe
554 925 723 994 docuimus,
738 930 822 986 tantu
835 928 886 987 de·
938 933 983 987 ter
998 929 1093 1004 ipsius
1120 926 1245 986 Carolus
1267 927 1321 1001 qui
1345 927 1383 984 ad
1406 941 1477 983 cum
1504 923 1672 983 monachos
1691 922 1767 981 ierat

48 1010 188 1078 rendere,
203 1012 811 1090 exalteraetreneraridebemns,quanto
828 1033 885 1074 am·
938 1017 1062 1084 obisset,
1078 1016 1181 1074 uolens
1198 1031 1268 1074 eum
1291 1015 1360 1073 alibi
1386 1012 1511 1088 sepeliri,
1540 1012 1579 1071 eh
1605 1012 1765 1070 casinense

48 1098 135 1174 plius
145 1103 279 1158 anostris
292 1101 565 1176 predecessoribus
579 1103 758 1162 honoratam
769 1111 799 1163 et
811 1106 885 1164 dita·
938 1107 1155 1165 monasterium
1169 1104 1366 1165 retransmisit
1379 1105 1508 1163 iliachis
1524 1103 1766 1179 quoqoehaogo·

48 1190 409 1260 tamessecogoovimus.
428 1191 883 1266 Sciatigiturdominuaeposto·
937 1194 1103 1254 bardorum
1115 1211 1178 1261 rex,
1196 1194 1300 1252 relicto
1323 1193 1467 1266 regnoed
1491 1192 1571 1250 idem
1594 1188 1764 1249 venerabile

47 1276 387 1349 licus,castra,rillas,at
399 1279 694 1354 pradia,fomnesque
708 1284 882 1341 monasterii
937 1286 1147 1342 monasterium
1158 1283 1248 1352 venit,
1260 1283 1532 1357 monachicumque
1551 1279 1591 1338 ihi
1608 1294 1704 1353 usque
1723 1276 1765 1335 ad

47 1368 262 1440 possessiones
273 1374 374 1425 nostro
387 1368 532 1442 pertinere
549 1369 678 1442 imperio
693 1370 883 1447 :episcopale
937 1377 1093 1431 extremum
1108 1374 1201 1431 vitem
1212 1375 1320 1445 exegit.
1333 1372 1411 1441 Ouid
1424 1372 1514 1429 etiam
1530 1371 1569 1428 de
1580 1367 1765 1443 imperatori·

48 1460 149 1512 autem
157 1456 219 1528 jus,
230 1455 258 1513 in
274 1461 421 1531 quantum
438 1456 608 1525 uidebatur,
618 1465 650 1515 nt
664 1475 749 1516 suum
763 1459 801 1518 slt
814 1476 884 1518 con·
936 1461 995 1520 hus
1006 1462 1186 1530 iustiniano,
1200 1462 1328 1529 tustino,
1342 1458 1533 1525 Theoderico,
1548 1456 1663 1531 Pipino,
1677 1456 1765 1514 caro-

48 1545 202 1602 cedimus.
217 1565 232 1598 s
245 1545 592 1604 Bertulluscencallarius
606 1546 693 1605 dixit:
707 1570 722 1600 «ι
736 1549 783 1606 Nil
797 1565 884 1623 apos·
935 1549 977 1618 lo,
992 1550 1108 1624 Pipino,
1129 1550 1357 1621 carolomagno,
1372 1546 1449 1606 hinis
1467 1545 1628 1620 Ludoycis,
1649 1547 1762 1614 cauno,

47 1633 160 1691 tolicus
186 1634 261 1707 juris
287 1635 317 1692 in
341 1635 493 1692 Casinensi
518 1636 655 1705 ecclesia,
674 1653 744 1711 qum
756 1638 882 1697 Romani
935 1638 1056 1696 duobus
1070 1639 1228 1706 Lothariis,
1242 1637 1370 1705 lllberto,
1382 1636 1475 1694 tribus
1489 1634 1647 1694 ottonibus
1659 1633 1720 1699 ⁴⁸⁸⁸,
1734 1635 1765 1690 et

47 1722 171 1797 imperii
185 1723 345 1795 singularis
358 1724 737 1798 etapecialiscameraesea
751 1727 883 1785 decerni·
935 1726 1070 1802 quinque
1094 1726 1249 1785 henricis?
1272 1725 1398 1795 Quidda
1413 1723 1551 1784 llichaela
1574 1725 1709 1781 Romano
1731 1724 1763 1781 et

48 1816 111 1879 tur,
134 1811 242 1870 babere
267 1812 367 1879 debet,
387 1813 445 1870 nisi
470 1814 591 1871 abbatie
614 1815 880 1884 consecrationem,
898 1814 1182 1908 Balexioreleram,
1194 1815 1246 1889 qul
1263 1830 1367 1875 omnes
1389 1813 1582 1872 casinensem
1602 1810 1761 1870 ecclesiam

46 1916 141 1974 quam
157 1901 245 1959 etiem
275 1901 401 1959 Hanrico
430 1903 605 1975 imperatore
630 1903 808 1962 concedente
829 1905 882 1964 ha·
934 1904 1274 1976 dilexerunt,etmagnis
1291 1898 1762 1962 muneribuaurnaverunt.ddeu

46 1988 154 2047 buisse
187 1988 357 2049 dinoscitur.
383 1990 578 2048 »corardus
598 1992 756 2050 cardinalis
783 1992 879 2051 dixit:
934 1994 1035 2068 itaque
1050 1990 1516 2065 casinensisecclesialmperialis
1525 1989 1620 2048 extitit
1629 2003 1759 2059 munera,

49 2099 65 2130 a
82 2082 201 2137 Placeat
213 2094 283 2153 ergo
296 2079 457 2137 consilium
470 2094 562 2137 menn
574 2084 674 2139 vestro
687 2080 880 2139 invictissimo
935 2086 967 2140 ut
980 2082 1039 2156 ipsi
1045 2082 1282 2155 imperatoresad
1297 2083 1362 2155 ejus
1381 2080 1582 2142 liberationem
1599 2074 1761 2135 cumomni

46 2168 189 2242 imperio,
214 2184 233 2225 u
261 2183 365 2226 caesar.
391 2168 483 2226 Vobis
506 2168 627 2243 quidem
647 2169 879 2238 mundanarum,
933 2171 1059 2229 Romani
1068 2171 1370 2244 exercituspotentatu
1379 2168 1523 2226 venerint.
1531 2165 1674 2225 lienricus
1684 2165 1761 2222 enim

45 2256 217 2330 apostolico
226 2271 298 2314 vero
308 2259 498 2315 recantatum
511 2257 880 2319 divinarumsacramanto
933 2259 1002 2333 piue
1024 2259 1226 2317 invictiesmus
1254 2263 1292 2316 οι
1309 2255 1576 2316 christianissimus
1598 2255 1762 2327 imperator

44 2345 165 2403 firment
176 2361 286 2403 rarum.
303 2368 318 2398 a
333 2347 490 2404 berharius
501 2348 665 2421 imperatur
690 2348 784 2406 dixit:
799 2353 880 2407 «llo
933 2350 969 2406 ad
985 2347 1113 2405 eandem
1128 2347 1352 2405 defendendam
1366 2345 1520 2404 ecclesiam
1546 2360 1616 2402 cum
1638 2347 1761 2401 cantum

46 2439 112 2493 stro
125 2434 214 2492 valde
228 2434 418 2493 inhonestum
428 2435 548 2493 ridetur
557 2436 689 2510 imperio,
705 2443 878 2496 nostrorum
932 2435 1085 2507 octoginta
1092 2435 1215 2493 milibus
1221 2441 1407 2494 armatorum
1421 2433 1762 2504 Ytaliamingressusest

45 2524 299 2597 predecessorum
326 2539 388 2580 non
414 2524 573 2582 observare
595 2526 751 2593 mandata,
777 2542 880 2585 eorum
932 2524 1388 2599 eumquaecapuanlprlncipis
1402 2519 1762 2596 manuautarena,pristi·

46 2612 246 2670 sanctissimis
265 2628 326 2670 non
338 2611 460 2671 obedire
484 2615 652 2688 preceptis.
665 2615 695 2674 Si
719 2616 794 2672 enim
823 2632 879 2675 nos
932 2630 980 2672 nae
994 2614 1122 2672 restituit
1131 2614 1269 2673 libertati.
1278 2613 1531 2673 conradusatiam
1540 2613 1760 2687 imperatoreo-

45 2706 219 2759 nostrornm
245 2702 497 2774 praedecessorum
525 2708 675 2777 praecepta
694 2703 877 2775 fregerimus,
932 2710 1050 2775 gustus,
1063 2701 1760 2775 etilenricusfiliuseJuscumcentumsexagiuta

45 2789 879 2865 quisonservahitterquemadmodumeliosuecohser-
932 2787 1760 2867 milibuspugnatorum‚eandemdelensurusvenitcccle·

44 2894 121 2938 vare
130 2879 447 2954 compellamus,sinos
463 2895 500 2937 ea
511 2879 703 2937 convellimus
718 2881 732 2934 ‘l
746 2880 877 2941 lexenim
933 2880 1238 2949 siam,cuml’audulfl
1248 2879 1436 2954 iniquissimi,
1448 2894 1509 2937 noo
1523 2878 1592 2936 dieo
1600 2876 1756 2953 principis,

44 2972 78 3026 et
90 2967 191 3026 dantis
203 2973 231 3027 et
246 2968 307 3027 dati
323 2984 432 3027 causas
445 2968 601 3044 dijudicet.
612 2970 879 3045 Quorumcumque
932 2974 977 3028 eet
989 2968 1097 3028 tiranni
1110 2968 1340 3042 servitutisjugo
1355 2967 1563 3041 subjiceretur.
1579 2965 1759 3026 Omittamus

43 3057 137 3129 igitur
147 3057 782 3132 causasdijudicat,subsuautiqueregula
795 3075 879 3117 coar·
932 3056 1759 3133 nova,modernisquepsractatemporibns;antiquorum

44 3150 89 3204 tat
105 3161 113 3203 :
129 3145 177 3203 lex
190 3160 262 3217 ergo
273 3147 477 3220 imperatorum
492 3162 553 3204 nun
564 3146 633 3222 plus
647 3146 714 3205 aliis
724 3164 812 3222 quam
823 3150 879 3205 im·
932 3147 1251 3219 gestadeducanturin
1260 3146 1402 3217 medium,
1415 3147 1549 3221 situsque
1563 3146 1621 3205 loci
1632 3145 1680 3204 cui
1691 3159 1760 3220 pro·

42 3235 233 3309 pereturibus
260 3235 460 3306 constituitur,
485 3234 579 3294 immo
598 3235 697 3307 magis
717 3237 797 3294 hanc
821 3237 877 3295 illis
894 3207 995 3313 cprie
1005 3237 1156 3297 attinuerit
1169 3237 1336 3296 videamus.
1346 3237 1483 3308 Legimus
1495 3250 1624 3308 nemque
1639 3234 1670 3291 in
1678 3237 1759 3291 ante

42 3338 224 3383 conservare
236 3323 449 3399 condecet,qui
455 3339 559 3382 eorum
565 3323 711 3394 originem
724 3325 877 3398 possident
930 3343 1084 3386 cessurum
1095 3330 1265 3384 coecorum
1270 3324 1455 3398 gestis,quod
1463 3326 1557 3383 Varro
1562 3327 1759 3382 Romanorum

42 3413 295 3485 generositatis.»
315 3414 461 3472 corardus
482 3413 642 3471 cardinalis
667 3414 765 3472 dixit:
785 3417 875 3473 allon
929 3415 1036 3475 consul
1047 3416 1128 3473 hunc
1138 3415 1195 3472 sibi
1207 3430 1243 3472 ex
1253 3414 1395 3472 omnibus
1406 3411 1534 3471 Romani
1551 3411 1670 3486 imperii
1684 3410 1758 3470 louis

42 3502 672 3576 parumquoquedominuspapamiratnr‚
685 3517 876 3562 curcumec·
929 3504 1077 3576 elegisset,
1104 3503 1292 3570 extruxisset,
1312 3501 1471 3575 multisque
1495 3501 1638 3559 illustrem
1662 3498 1759 3557 moni·

42 3589 136 3648 alesia
147 3595 176 3648 te
190 3590 221 3647 in
234 3606 373 3648 cessarem
399 3591 551 3663 totiusque
564 3590 644 3647 orbis
656 3590 874 3651 dominatorem
928 3592 1035 3651 mentis
1045 3591 1232 3650 reddidisset.
1253 3592 1322 3649 Post
1331 3591 1420 3664 cujus
1429 3590 1586 3649 decessum
1606 3586 1759 3662 supradic-

42 3684 72 3738 et
94 3679 213 3751 elegerit
231 3686 259 3737 el
281 3680 510 3748 consecraverit,
527 3683 640 3736 contra
659 3695 726 3740 cam
751 3680 804 3738 niti
818 3696 874 3756 pro
928 3686 993 3740 tum
1008 3687 1138 3740 caenum
1154 3680 1297 3739 casinum
1312 3696 1379 3737 cum
1389 3678 1452 3736 suis
1465 3676 1650 3753 pertinentiis
1666 3691 1758 3735 cesar

43 3768 203 3826 Cesincnei
218 3768 345 3826 ecclesia
357 3767 484 3835 coneris,
500 3783 591 3842 quam
605 3782 665 3826 non
675 3768 761 3825 vobis
773 3775 805 3825 ut
817 3785 874 3826 vos
927 3769 1412 3842 Antoniotradidit,prouthlarcus
1424 3767 1533 3825 Tollius
1545 3766 1576 3824 in
1590 3766 1757 3838 Philippica

42 3859 188 3926 asseritis,
209 3862 252 3916 set
270 3859 328 3917 sibi
351 3859 496 3932 pertinere
511 3863 542 3916 ut
557 3861 670 3915 caterae
685 3857 816 3916 ecclesia
829 3858 873 3915 di·
927 3858 1145 3917 suadescribit.
1159 3857 1319 3915 Setiorsan
1328 3856 1416 3914 nohis
1426 3854 1563 3922 obicitur,
1572 3852 1656 3927 quod
1670 3856 1756 3925 pater

43 3947 93 4005 uit.
118 3948 231 4005 »Tunc
252 3949 411 4022 imperator
435 3947 531 4005 iratum
556 3946 632 4004 dixit
647 3962 654 4014 ;
672 3968 683 3997 ι
701 3947 798 4005 lmmo
816 3961 872 4006 nos
927 3947 1113 4013 Benedictus,
1147 3946 1199 4020 qui
1223 3949 1416 4013 constructor,
1441 3946 1626 4001 nontamen
1650 3946 1756 4000 auctor

40 4035 133 4093 valde
145 4037 359 4101 miramur,cur
372 4041 475 4095 nostru
489 4035 531 4092 nil
541 4034 637 4093 iacere
651 4040 758 4107 rogatu
771 4035 872 4093 volue-
926 4036 1016 4108 hujos
1025 4034 1118 4092 extitit
1129 4031 1338 4100 loei,ecelesis
1358 4031 1505 4090 Romane
1516 4030 1636 4089 auditor
1655 4029 1755 4088 inerit.

40 4124 92 4192 rit,
103 4140 173 4181 cum
188 4140 244 4183 nos
252 4140 308 4199 pro
320 4125 386 4198 ejus
399 4139 504 4182 amore
517 4124 582 4197 iam
595 4139 648 4198 per
665 4138 781 4181 annum
793 4128 822 4182 et
829 4124 873 4182 dl·
926 4125 970 4182 ad
986 4124 1069 4198 quod
1079 4122 1209 4181 eundem
1222 4121 1317 4179 locum
1330 4136 1392 4179 non
1416 4120 1525 4192 solum,
1543 4119 1597 4178 sed
1615 4135 1683 4177 cum
1699 4120 1755 4178 ltu·

40 4213 166 4270 midium
185 4212 216 4271 in
236 4213 440 4287 papilionibus
463 4211 637 4270 commorati
657 4227 728 4269 cum
742 4215 871 4271 Romano
925 4228 1089 4271 manorum
1114 4211 1266 4270 nubilibus
1285 4208 1487 4269 construxisse
1508 4208 1753 4284 respondemus:

39 4301 184 4370 exercitu,
211 4301 372 4376 pecuniam
395 4317 487 4375 quam
506 4302 546 4359 ad
561 4300 695 4371 publicos
716 4317 790 4359 usus
805 4317 871 4360 exe-
925 4302 1100 4361 beatissimo
1110 4315 1242 4374 namque
1252 4315 1330 4373 papa
1340 4297 1633 4371 Gregoriorelerente
1645 4310 1755 4367 cogno·

38 4390 179 4466 quendos
189 4390 367 4463 accepimus,
382 4389 414 4446 in
433 4389 527 4464 ipsius
537 4388 709 4463 obsequium
720 4393 871 4448 converte·
925 4391 1035 4458 vimus,
1049 4390 1133 4464 quod
1144 4387 1431 4447 beetuslteoedictus
1445 4402 1515 4443 cum
1528 4385 1630 4442 Mauro
1645 4382 1753 4457 Equitii

37 4476 485 4552 rimossipeumqueapostolicre
491 4478 869 4546 cathedrmreatituerimus,
925 4479 1072 4537 senatoris
1087 4478 1192 4551 (lcltt),
1208 4482 1236 4534 et
1250 4473 1491 4534 PlacidoTerlulli
1498 4473 1610 4548 patricii
1623 4472 1696 4529 filio.
1711 4471 1753 4531 ad

38 4583 206 4642 omnesque
222 4567 454 4626 ultramontanos
466 4566 592 4639 populus
607 4566 746 4624 citavere
770 4567 909 4629 feceri-ll
926 4568 1086 4628 casinense
1102 4567 1320 4625 monasterium
1339 4564 1577 4625 construendum
1601 4563 1695 4621 allec
1709 4560 1752 4619 di·

38 4675 120 4716 mus.
131 4657 209 4726 Quid
230 4656 332 4730 itaque
352 4655 535 4724 mirandum,
549 4656 572 4713 si
591 4656 784 4714 casinensem
803 4674 871 4732 pro·
923 4663 1024 4715 rectus
1035 4656 1083 4714 sit.
1097 4655 1274 4724 Quidtantis
1288 4654 1610 4728 ihotigiturllomana
1626 4649 1753 4712 ecclesia

38 4762 130 4822 posse
143 4751 257 4803 tuemur
269 4745 441 4811 ecclesiam,
452 4761 520 4802 cum
535 4749 650 4803 constet
662 4745 747 4803 buca
760 4748 870 4820 praede·
924 4762 1077 4806 cameram
1089 4743 1348 4819 Romaniimperil,
1362 4743 1555 4801 casinensem
1579 4740 1692 4799 scilicet
1705 4755 1753 4799 ac·

39 4833 211 4893 sessoribus
229 4834 337 4891 nostris
359 4832 573 4905 gloriosissime
593 4834 757 4891 actitatum.
776 4837 810 4893 lit
829 4836 870 4893 illi
923 4836 1057 4905 ulesiam,
1066 4841 1098 4893 ut
1105 4835 1221 4908 justum
1232 4838 1278 4891 est
1289 4834 1418 4909 recipiet,
1440 4834 1673 4890 eutltomanum
1694 4828 1751 4887 im·

39 4924 165 4998 quidem
175 4937 237 4981 non
249 4922 330 4980 aliter
341 4938 436 4998 wem
453 4922 608 4996 propriam
625 4922 758 4980 habuere
772 4939 872 4982 came·
923 4926 1039 5000 perium
1053 4921 1515 4997 inrevocabiliterseparabitur.s
1525 4917 1675 4977 corardus
1686 4932 1750 4976 car·

39 5013 202 5080 rem,adeo
218 5011 497 5069 utnonnulliadhis
507 5010 871 5084 exutiaerumpniscarna·
922 5013 1224 5087 dinalisresponditzs
1239 5005 1751 5086 Nequaquaminvictiesimeimpa·

39 5101 180 5174 libusque
193 5099 420 5174 impedimentis,
432 5099 474 5158 ibi
484 5098 581 5171 magis
594 5115 684 5174 quam
699 5101 869 5175 inpropriis
922 5104 1015 5165 rator,
1029 5105 1130 5158 vestre
1142 5099 1313 5172 indignatur
1325 5096 1527 5160 mansuetudo
1538 5092 1749 5170 superdomini

38 5189 179 5249 domibus
190 5189 349 5249 voluerunt
362 5188 514 5249 tumulari.
529 5187 609 5259 Quid
624 5188 663 5248 de
679 5190 868 5248 sanctissimo
922 5188 1076 5264 apostolici
1095 5188 1254 5259 mandatis,
1269 5203 1326 5247 nec
1348 5183 1465 5245 domini
1485 5182 1650 5246 innocentii
1665 5180 1706 5257 pii
1719 5185 1750 5244 et

639 5337 642 5342 ⁴
714 5340 830 5401 VARIAE
854 5341 1062 5406 hhclloltlls.

73 5439 126 5481 ⁴⁸⁸⁰
142 5437 306 5502 octonibus
319 5453 347 5500 c.
842 5425 857 5450 ⁹

831 5565 947 5627 ΝΟΜ.

74 5692 170 5768 (totu)
186 5691 361 5753 senemrem
381 5704 438 5751 uec
451 5686 610 5762 Gregorius
626 5703 683 5748 neo
698 5689 756 5749 heo
769 5691 865 5750 vocat
