<?xml version="1.0" encoding="UTF-8"?>
<!DOCTYPE html PUBLIC "-//W3C//DTD XHTML 1.0 Transitional//EN"
    "http://www.w3.org/TR/xhtml1/DTD/xhtml1-transitional.dtd">
<html xmlns="http://www.w3.org/1999/xhtml" xml:lang="en" lang="en">
 <head>
  <title>
</title>
<meta http-equiv="Content-Type" content="text/html;charset=utf-8" />
  <meta name='ocr-system' content='tesseract 3.04.00' />
  <meta name='ocr-capabilities' content='ocr_page ocr_carea ocr_par ocr_line ocrx_word'/>
</head>
<body>
  <div class='ocr_page' id='page_1' title='image "./patrologiaecurs160unkngoog/patrologiaecurs160unkngoog_0029.png"; bbox 0 0 3884 6050; ppageno 0'>
   <div class='ocr_carea' id='block_1_1' title="bbox 80 192 1796 265">
    <p class='ocr_par' dir='ltr' id='par_1_1' title="bbox 80 192 1796 265">
     <span class='ocr_line' id='line_1_1' title="bbox 80 192 1796 265; baseline -0.001 -9"><span class='ocrx_word' id='word_1_1' title='bbox 80 200 118 256; x_wconf 71' lang='grc'><strong>49</strong></span> <span class='ocrx_word' id='word_1_2' title='bbox 745 195 864 257; x_wconf 77' lang='lat' dir='ltr'>GESTA</span> <span class='ocrx_word' id='word_1_3' title='bbox 880 192 962 256; x_wconf 76' lang='lat' dir='ltr'><strong>ABR.</strong></span> <span class='ocrx_word' id='word_1_4' title='bbox 982 196 1139 257; x_wconf 70' lang='lat' dir='ltr'><strong>radbert.</strong></span> <span class='ocrx_word' id='word_1_5' title='bbox 1758 207 1796 265; x_wconf 83' lang='lat'><strong>50</strong></span> 
     </span>
    </p>
   </div>
   <div class='ocr_carea' id='block_1_2' title="bbox 81 321 1796 584">
    <p class='ocr_par' dir='ltr' id='par_1_2' title="bbox 81 321 1796 584">
     <span class='ocr_line' id='line_1_2' title="bbox 82 321 1796 402; baseline 0 -23"><span class='ocrx_word' id='word_1_6' title='bbox 82 323 219 380; x_wconf 89' lang='lat' dir='ltr'><strong>bumana</strong></span> <span class='ocrx_word' id='word_1_7' title='bbox 234 321 382 380; x_wconf 89' lang='lat' dir='ltr'><strong>industria</strong></span> <span class='ocrx_word' id='word_1_8' title='bbox 410 321 509 381; x_wconf 86' lang='lat' dir='ltr'><strong>lacere</strong></span> <span class='ocrx_word' id='word_1_9' title='bbox 526 321 633 396; x_wconf 85' lang='lat' dir='ltr'><strong>potuit,</strong></span> <span class='ocrx_word' id='word_1_10' title='bbox 655 321 774 381; x_wconf 89' lang='lat' dir='ltr'><strong>occulta</strong></span> <span class='ocrx_word' id='word_1_11' title='bbox 791 321 913 380; x_wconf 88' lang='lat' dir='ltr'><strong>luerunt</strong></span> <span class='ocrx_word' id='word_1_12' title='bbox 927 322 952 377; x_wconf 81' lang='grc' dir='ltr'><strong>Α</strong></span> <span class='ocrx_word' id='word_1_13' title='bbox 967 321 993 379; x_wconf 92' lang='lat' dir='ltr'><strong>si</strong></span> <span class='ocrx_word' id='word_1_14' title='bbox 1003 321 1078 381; x_wconf 82' lang='lat' dir='ltr'><strong>torte</strong></span> <span class='ocrx_word' id='word_1_15' title='bbox 1092 323 1210 398; x_wconf 87' lang='lat' dir='ltr'><strong>decepti</strong></span> <span class='ocrx_word' id='word_1_16' title='bbox 1223 322 1313 398; x_wconf 77' lang='lat' dir='ltr'><strong>digne</strong></span> <span class='ocrx_word' id='word_1_17' title='bbox 1331 324 1528 399; x_wconf 73' lang='lat' dir='ltr'><strong>plecterentur</strong></span> <span class='ocrx_word' id='word_1_18' title='bbox 1543 327 1689 402; x_wconf 77' lang='lat' dir='ltr'><strong>regularis</strong></span> <span class='ocrx_word' id='word_1_19' title='bbox 1707 329 1796 390; x_wconf 78' lang='lat' dir='ltr'><strong>disat.</strong></span> 
     </span>
     <span class='ocr_line' id='line_1_3' title="bbox 81 410 1225 486; baseline 0.002 -18"><span class='ocrx_word' id='word_1_20' title='bbox 81 426 177 485; x_wconf 86' lang='lat' dir='ltr'><strong>usque</strong></span> <span class='ocrx_word' id='word_1_21' title='bbox 190 418 260 468; x_wconf 85' lang='lat' dir='ltr'><strong>ante</strong></span> <span class='ocrx_word' id='word_1_22' title='bbox 273 427 389 485; x_wconf 90' lang='lat' dir='ltr'><strong>paucos</strong></span> <span class='ocrx_word' id='word_1_23' title='bbox 407 425 504 469; x_wconf 85' lang='lat' dir='ltr'><strong>ancos</strong></span> <span class='ocrx_word' id='word_1_24' title='bbox 514 410 614 469; x_wconf 89' lang='lat' dir='ltr'><strong>obitus</strong></span> <span class='ocrx_word' id='word_1_25' title='bbox 624 410 729 470; x_wconf 89' lang='lat' dir='ltr'><strong>domui</strong></span> <span class='ocrx_word' id='word_1_26' title='bbox 737 411 913 469; x_wconf 83' lang='lat' dir='ltr'><strong>Guntramni</strong></span> <span class='ocrx_word' id='word_1_27' title='bbox 965 411 1056 486; x_wconf 78' lang='lat' dir='ltr'><strong>plina</strong></span> <span class='ocrx_word' id='word_1_28' title='bbox 1069 413 1225 472; x_wconf 89' lang='lat' dir='ltr'><strong>sententia.</strong></span> 
     </span>
     <span class='ocr_line' id='line_1_4' title="bbox 82 500 1793 584; baseline 0.006 -27"><span class='ocrx_word' id='word_1_29' title='bbox 82 500 489 573; x_wconf 73' lang='lat' dir='ltr'><strong>abbatielntelligebatenim</strong></span> <span class='ocrx_word' id='word_1_30' title='bbox 501 506 645 574; x_wconf 89' lang='lat' dir='ltr'><strong>tanquam</strong></span> <span class='ocrx_word' id='word_1_31' title='bbox 654 500 839 575; x_wconf 88' lang='lat' dir='ltr'><strong>vlrprudens</strong></span> <span class='ocrx_word' id='word_1_32' title='bbox 849 515 912 558; x_wconf 91' lang='lat' dir='ltr'><strong>uon</strong></span> <span class='ocrx_word' id='word_1_33' title='bbox 1002 505 1028 558; x_wconf 84' lang='grc'><strong>3.</strong></span> <span class='ocrx_word' id='word_1_34' title='bbox 1048 500 1093 559; x_wconf 78' lang='lat' dir='ltr'><strong>sd</strong></span> <span class='ocrx_word' id='word_1_35' title='bbox 1112 502 1169 559; x_wconf 93' lang='lat' dir='ltr'><strong>boc</strong></span> <span class='ocrx_word' id='word_1_36' title='bbox 1184 503 1343 561; x_wconf 89' lang='lat' dir='ltr'><strong>ruinosum</strong></span> <span class='ocrx_word' id='word_1_37' title='bbox 1354 504 1492 577; x_wconf 77' lang='lat' dir='ltr'><strong>parituras</strong></span> <span class='ocrx_word' id='word_1_38' title='bbox 1504 504 1646 564; x_wconf 81' lang='lat' dir='ltr'><strong>aeclesia</strong></span> <span class='ocrx_word' id='word_1_39' title='bbox 1667 509 1793 584; x_wconf 79' lang='lat' dir='ltr'><strong>precipi-</strong></span> 
     </span>
    </p>
   </div>
   <div class='ocr_carea' id='block_1_3' title="bbox 14 589 1793 5008">
    <p class='ocr_par' dir='ltr' id='par_1_3' title="bbox 79 589 1793 2082">
     <span class='ocr_line' id='line_1_5' title="bbox 81 589 1790 665; baseline 0.005 -17"><span class='ocrx_word' id='word_1_40' title='bbox 81 590 201 648; x_wconf 88' lang='lat' dir='ltr'><strong>cveuire</strong></span> <span class='ocrx_word' id='word_1_41' title='bbox 216 605 254 648; x_wconf 89' lang='lat' dir='ltr'><strong>aa</strong></span> <span class='ocrx_word' id='word_1_42' title='bbox 265 590 327 646; x_wconf 87' lang='lat' dir='ltr'><strong>suis</strong></span> <span class='ocrx_word' id='word_1_43' title='bbox 340 603 438 663; x_wconf 89' lang='lat' dir='ltr'><strong>neque</strong></span> <span class='ocrx_word' id='word_1_44' title='bbox 447 589 912 656; x_wconf 65' lang='lat' dir='ltr'><strong>suorummcrttissecammoni·</strong></span> <span class='ocrx_word' id='word_1_45' title='bbox 965 589 1790 665; x_wconf 69' lang='lat' dir='ltr'><strong>tiumaccedebatprandentitadicamlubricamentucr,</strong></span> 
     </span>
     <span class='ocr_line' id='line_1_6' title="bbox 80 678 1790 752; baseline 0.005 -16"><span class='ocrx_word' id='word_1_46' title='bbox 80 679 196 736; x_wconf 75' lang='lat' dir='ltr'><strong>donem</strong></span> <span class='ocrx_word' id='word_1_47' title='bbox 208 695 246 736; x_wconf 87' lang='lat' dir='ltr'><strong>aa</strong></span> <span class='ocrx_word' id='word_1_48' title='bbox 256 693 322 736; x_wconf 85' lang='lat' dir='ltr'><strong>esse</strong></span> <span class='ocrx_word' id='word_1_49' title='bbox 336 678 375 735; x_wconf 92' lang='lat' dir='ltr'><strong>de</strong></span> <span class='ocrx_word' id='word_1_50' title='bbox 387 679 493 736; x_wconf 74' lang='lat' dir='ltr'><strong>uteret</strong></span> <span class='ocrx_word' id='word_1_51' title='bbox 505 679 681 736; x_wconf 89' lang='lat' dir='ltr'><strong>morumsui</strong></span> <span class='ocrx_word' id='word_1_52' title='bbox 694 680 910 752; x_wconf 73' lang='lat' dir='ltr'><strong>suorumqueu</strong></span> <span class='ocrx_word' id='word_1_53' title='bbox 966 678 1184 752; x_wconf 82' lang='lat' dir='ltr'><strong>ridelicctquod</strong></span> <span class='ocrx_word' id='word_1_54' title='bbox 1207 679 1245 736; x_wconf 93' lang='lat' dir='ltr'><strong>de</strong></span> <span class='ocrx_word' id='word_1_55' title='bbox 1266 680 1323 737; x_wconf 90' lang='lat' dir='ltr'><strong>bac</strong></span> <span class='ocrx_word' id='word_1_56' title='bbox 1334 683 1396 738; x_wconf 89' lang='lat' dir='ltr'><strong>vita</strong></span> <span class='ocrx_word' id='word_1_57' title='bbox 1411 680 1666 741; x_wconf 70' lang='lat' dir='ltr'><strong>subtrahebantur</strong></span> <span class='ocrx_word' id='word_1_58' title='bbox 1680 684 1790 744; x_wconf 76' lang='lat' dir='ltr'><strong>cotidie</strong></span> 
     </span>
     <span class='ocr_line' id='line_1_7' title="bbox 81 766 1793 843; baseline 0.004 -17"><span class='ocrx_word' id='word_1_59' title='bbox 81 769 275 835; x_wconf 88' lang='lat' dir='ltr'><strong>correctione,</strong></span> <span class='ocrx_word' id='word_1_60' title='bbox 291 768 437 842; x_wconf 88' lang='lat' dir='ltr'><strong>quoniam</strong></span> <span class='ocrx_word' id='word_1_61' title='bbox 456 767 542 839; x_wconf 72' lang='lat' dir='ltr'><strong>signa</strong></span> <span class='ocrx_word' id='word_1_62' title='bbox 564 766 636 825; x_wconf 84' lang='lat' dir='ltr'><strong>deta</strong></span> <span class='ocrx_word' id='word_1_63' title='bbox 648 784 714 826; x_wconf 88' lang='lat' dir='ltr'><strong>esse</strong></span> <span class='ocrx_word' id='word_1_64' title='bbox 737 766 909 826; x_wconf 80' lang='lat' dir='ltr'><strong>infidelibus</strong></span> <span class='ocrx_word' id='word_1_65' title='bbox 964 769 1059 843; x_wconf 86' lang='lat' dir='ltr'><strong>sauqti</strong></span> <span class='ocrx_word' id='word_1_66' title='bbox 1073 773 1102 825; x_wconf 90' lang='lat' dir='ltr'><strong>et</strong></span> <span class='ocrx_word' id='word_1_67' title='bbox 1111 767 1241 841; x_wconf 77' lang='lat' dir='ltr'><strong>religiosi</strong></span> <span class='ocrx_word' id='word_1_68' title='bbox 1250 768 1315 837; x_wconf 84' lang='lat' dir='ltr'><strong>viri,</strong></span> <span class='ocrx_word' id='word_1_69' title='bbox 1331 769 1384 843; x_wconf 90' lang='lat' dir='ltr'><strong>qui</strong></span> <span class='ocrx_word' id='word_1_70' title='bbox 1411 770 1512 828; x_wconf 78' lang='lat' dir='ltr'><strong>nubiti</strong></span> <span class='ocrx_word' id='word_1_71' title='bbox 1535 770 1654 830; x_wconf 87' lang='lat' dir='ltr'><strong>lucrant</strong></span> <span class='ocrx_word' id='word_1_72' title='bbox 1676 773 1733 830; x_wconf 90' lang='lat' dir='ltr'><strong>sub</strong></span> <span class='ocrx_word' id='word_1_73' title='bbox 1748 773 1793 833; x_wconf 89' lang='lat' dir='ltr'><strong>di·</strong></span> 
     </span>
     <span class='ocr_line' id='line_1_8' title="bbox 80 855 1792 934; baseline 0.004 -21"><span class='ocrx_word' id='word_1_74' title='bbox 80 855 909 931; x_wconf 72' lang='lat' dir='ltr'><strong>nonfidelibuslegerat.satcgabaterqcquamplurimum</strong></span> <span class='ocrx_word' id='word_1_75' title='bbox 964 855 1092 931; x_wconf 85' lang='lat' dir='ltr'><strong>sciplina</strong></span> <span class='ocrx_word' id='word_1_76' title='bbox 1105 856 1223 915; x_wconf 88' lang='lat' dir='ltr'><strong>abbatis</strong></span> <span class='ocrx_word' id='word_1_77' title='bbox 1237 858 1413 917; x_wconf 83' lang='lat' dir='ltr'><strong>Guctranrui</strong></span> <span class='ocrx_word' id='word_1_78' title='bbox 1422 862 1611 934; x_wconf 85' lang='lat' dir='ltr'><strong>;quanthue</strong></span> <span class='ocrx_word' id='word_1_79' title='bbox 1621 876 1726 920; x_wconf 90' lang='lat' dir='ltr'><strong>eorum</strong></span> <span class='ocrx_word' id='word_1_80' title='bbox 1736 862 1792 920; x_wconf 90' lang='lat' dir='ltr'><strong>im·</strong></span> 
     </span>
     <span class='ocr_line' id='line_1_9' title="bbox 80 944 1792 1022; baseline 0.004 -19"><span class='ocrx_word' id='word_1_81' title='bbox 80 947 207 1004; x_wconf 77' lang='lat' dir='ltr'><strong>fratrum</strong></span> <span class='ocrx_word' id='word_1_82' title='bbox 217 960 378 1003; x_wconf 88' lang='lat' dir='ltr'><strong>numerum</strong></span> <span class='ocrx_word' id='word_1_83' title='bbox 389 949 534 1015; x_wconf 72' lang='lat' dir='ltr'><strong>augereet</strong></span> <span class='ocrx_word' id='word_1_84' title='bbox 542 945 910 1019; x_wconf 79' lang='lat' dir='ltr'><strong>meritumqnaprcptera</strong></span> <span class='ocrx_word' id='word_1_85' title='bbox 963 944 1155 1004; x_wconf 76' lang='lat' dir='ltr'><strong>minuebatur</strong></span> <span class='ocrx_word' id='word_1_86' title='bbox 1168 961 1321 1018; x_wconf 89' lang='lat' dir='ltr'><strong>numerus,</strong></span> <span class='ocrx_word' id='word_1_87' title='bbox 1329 952 1412 1005; x_wconf 89' lang='lat' dir='ltr'><strong>tauto</strong></span> <span class='ocrx_word' id='word_1_88' title='bbox 1425 948 1613 1022; x_wconf 82' lang='lat' dir='ltr'><strong>presumptio</strong></span> <span class='ocrx_word' id='word_1_89' title='bbox 1626 953 1655 1006; x_wconf 89' lang='lat' dir='ltr'><strong>et</strong></span> <span class='ocrx_word' id='word_1_90' title='bbox 1673 950 1792 1009; x_wconf 84' lang='lat' dir='ltr'><strong>indisci-</strong></span> 
     </span>
     <span class='ocr_line' id='line_1_10' title="bbox 79 1032 1791 1109; baseline 0.004 -17"><span class='ocrx_word' id='word_1_91' title='bbox 79 1035 396 1092; x_wconf 80' lang='lat' dir='ltr'><strong>liberalissimamruu</strong></span> <span class='ocrx_word' id='word_1_92' title='bbox 419 1032 632 1108; x_wconf 89' lang='lat' dir='ltr'><strong>omnipotentis</strong></span> <span class='ocrx_word' id='word_1_93' title='bbox 653 1033 802 1104; x_wconf 74' lang='lat' dir='ltr'><strong>largitoris</strong></span> <span class='ocrx_word' id='word_1_94' title='bbox 829 1033 908 1089; x_wconf 85' lang='lat' dir='ltr'><strong>banc</strong></span> <span class='ocrx_word' id='word_1_95' title='bbox 963 1032 1087 1107; x_wconf 87' lang='lat' dir='ltr'><strong>plicatio</strong></span> <span class='ocrx_word' id='word_1_96' title='bbox 1112 1034 1313 1093; x_wconf 77' lang='lat' dir='ltr'><strong>invalescebat</strong></span> <span class='ocrx_word' id='word_1_97' title='bbox 1340 1036 1481 1109; x_wconf 88' lang='lat' dir='ltr'><strong>amptius.</strong></span> <span class='ocrx_word' id='word_1_98' title='bbox 1500 1037 1556 1105; x_wconf 83' lang='lat' dir='ltr'><strong>Qui</strong></span> <span class='ocrx_word' id='word_1_99' title='bbox 1579 1052 1651 1096; x_wconf 90' lang='lat' dir='ltr'><strong>vero</strong></span> <span class='ocrx_word' id='word_1_100' title='bbox 1676 1038 1714 1097; x_wconf 94' lang='lat' dir='ltr'><strong>de</strong></span> <span class='ocrx_word' id='word_1_101' title='bbox 1734 1039 1791 1099; x_wconf 87' lang='lat' dir='ltr'><strong>illis</strong></span> 
     </span>
     <span class='ocr_line' id='line_1_11' title="bbox 80 1121 1791 1198; baseline 0.003 -17"><span class='ocrx_word' id='word_1_102' title='bbox 80 1122 458 1190; x_wconf 83' lang='lat' dir='ltr'><strong>obucuitbanedietlcnem,</strong></span> <span class='ocrx_word' id='word_1_103' title='bbox 468 1122 648 1180; x_wconf 90' lang='lat' dir='ltr'><strong>utomuibus</strong></span> <span class='ocrx_word' id='word_1_104' title='bbox 655 1121 762 1180; x_wconf 90' lang='lat' dir='ltr'><strong>diebus</strong></span> <span class='ocrx_word' id='word_1_105' title='bbox 772 1121 908 1193; x_wconf 80' lang='lat' dir='ltr'><strong>viteejtrs</strong></span> <span class='ocrx_word' id='word_1_106' title='bbox 961 1127 1147 1196; x_wconf 89' lang='lat' dir='ltr'><strong>supererant,</strong></span> <span class='ocrx_word' id='word_1_107' title='bbox 1160 1123 1327 1182; x_wconf 88' lang='lat' dir='ltr'><strong>admodum</strong></span> <span class='ocrx_word' id='word_1_108' title='bbox 1355 1126 1444 1198; x_wconf 90' lang='lat' dir='ltr'><strong>pauci</strong></span> <span class='ocrx_word' id='word_1_109' title='bbox 1459 1125 1514 1186; x_wconf 92' lang='lat' dir='ltr'><strong>sibl</strong></span> <span class='ocrx_word' id='word_1_110' title='bbox 1529 1125 1582 1185; x_wconf 91' lang='lat' dir='ltr'><strong>soli</strong></span> <span class='ocrx_word' id='word_1_111' title='bbox 1602 1142 1672 1185; x_wconf 84' lang='lat' dir='ltr'><strong>cunr</strong></span> <span class='ocrx_word' id='word_1_112' title='bbox 1688 1127 1791 1187; x_wconf 92' lang='lat' dir='ltr'><strong>dolore</strong></span> 
     </span>
     <span class='ocr_line' id='line_1_12' title="bbox 80 1209 1790 1288; baseline 0.004 -20"><span class='ocrx_word' id='word_1_113' title='bbox 80 1228 139 1286; x_wconf 86' lang='lat' dir='ltr'><strong>pax</strong></span> <span class='ocrx_word' id='word_1_114' title='bbox 153 1215 183 1269; x_wconf 89' lang='lat' dir='ltr'><strong>et</strong></span> <span class='ocrx_word' id='word_1_115' title='bbox 202 1211 391 1272; x_wconf 86' lang='lat' dir='ltr'><strong>abunduntia</strong></span> <span class='ocrx_word' id='word_1_116' title='bbox 418 1212 631 1269; x_wconf 84' lang='lat' dir='ltr'><strong>comitarentur</strong></span> <span class='ocrx_word' id='word_1_117' title='bbox 658 1211 723 1284; x_wconf 87' lang='lat' dir='ltr'><strong>ejus</strong></span> <span class='ocrx_word' id='word_1_118' title='bbox 743 1209 908 1269; x_wconf 70' lang='lat' dir='ltr'><strong>studiosam</strong></span> <span class='ocrx_word' id='word_1_119' title='bbox 961 1211 1060 1269; x_wconf 87' lang='lat' dir='ltr'><strong>vivere</strong></span> <span class='ocrx_word' id='word_1_120' title='bbox 1074 1217 1104 1269; x_wconf 93' lang='lat' dir='ltr'><strong>et</strong></span> <span class='ocrx_word' id='word_1_121' title='bbox 1112 1211 1149 1269; x_wconf 90' lang='lat' dir='ltr'><strong>de</strong></span> <span class='ocrx_word' id='word_1_122' title='bbox 1162 1213 1309 1284; x_wconf 87' lang='lat' dir='ltr'><strong>juvenum</strong></span> <span class='ocrx_word' id='word_1_123' title='bbox 1318 1214 1477 1272; x_wconf 87' lang='lat' dir='ltr'><strong>insolentia</strong></span> <span class='ocrx_word' id='word_1_124' title='bbox 1486 1229 1542 1272; x_wconf 89' lang='lat' dir='ltr'><strong>uec</strong></span> <span class='ocrx_word' id='word_1_125' title='bbox 1551 1214 1662 1274; x_wconf 88' lang='lat' dir='ltr'><strong>audere</strong></span> <span class='ocrx_word' id='word_1_126' title='bbox 1671 1218 1790 1288; x_wconf 87' lang='lat' dir='ltr'><strong>mutire,</strong></span> 
     </span>
     <span class='ocr_line' id='line_1_13' title="bbox 80 1298 1791 1373; baseline 0.006 -16"><span class='ocrx_word' id='word_1_127' title='bbox 80 1301 266 1371; x_wconf 81' lang='lat' dir='ltr'><strong>religionem.</strong></span> <span class='ocrx_word' id='word_1_128' title='bbox 282 1300 535 1358; x_wconf 80' lang='lat' dir='ltr'><strong>oatunctoautem</strong></span> <span class='ocrx_word' id='word_1_129' title='bbox 548 1314 585 1357; x_wconf 92' lang='lat' dir='ltr'><strong>eo</strong></span> <span class='ocrx_word' id='word_1_130' title='bbox 599 1300 662 1372; x_wconf 85' lang='lat' dir='ltr'><strong>(cn.</strong></span> <span class='ocrx_word' id='word_1_131' title='bbox 678 1300 908 1371; x_wconf 71' lang='lat' dir='ltr'><strong>totiletsucce·</strong></span> <span class='ocrx_word' id='word_1_132' title='bbox 963 1298 1041 1366; x_wconf 81' lang='lat' dir='ltr'><strong>Quid</strong></span> <span class='ocrx_word' id='word_1_133' title='bbox 1055 1300 1170 1373; x_wconf 89' lang='lat' dir='ltr'><strong>pudore</strong></span> <span class='ocrx_word' id='word_1_134' title='bbox 1180 1305 1209 1359; x_wconf 89' lang='lat' dir='ltr'><strong>et</strong></span> <span class='ocrx_word' id='word_1_135' title='bbox 1227 1304 1391 1360; x_wconf 88' lang='lat' dir='ltr'><strong>reverentia</strong></span> <span class='ocrx_word' id='word_1_136' title='bbox 1418 1304 1512 1361; x_wconf 88' lang='lat' dir='ltr'><strong>nostri</strong></span> <span class='ocrx_word' id='word_1_137' title='bbox 1532 1304 1647 1363; x_wconf 88' lang='lat' dir='ltr'><strong>ordinis</strong></span> <span class='ocrx_word' id='word_1_138' title='bbox 1661 1309 1791 1367; x_wconf 71' lang='lat' dir='ltr'><strong>teneor?</strong></span> 
     </span>
     <span class='ocr_line' id='line_1_14' title="bbox 82 1385 1790 1466; baseline 0.005 -21"><span class='ocrx_word' id='word_1_139' title='bbox 82 1388 288 1446; x_wconf 86' lang='lat' dir='ltr'><strong>denteabbate</strong></span> <span class='ocrx_word' id='word_1_140' title='bbox 301 1387 603 1456; x_wconf 78' lang='lat' dir='ltr'><strong>adelardoseoundo,</strong></span> <span class='ocrx_word' id='word_1_141' title='bbox 621 1391 776 1461; x_wconf 85' lang='lat' dir='ltr'><strong>coepercnt</strong></span> <span class='ocrx_word' id='word_1_142' title='bbox 803 1385 908 1445; x_wconf 89' lang='lat' dir='ltr'><strong>baberi</strong></span> <span class='ocrx_word' id='word_1_143' title='bbox 963 1389 1081 1455; x_wconf 79' lang='lat' dir='ltr'><strong>Quanto</strong></span> <span class='ocrx_word' id='word_1_144' title='bbox 1099 1390 1218 1461; x_wconf 76' lang='lat' dir='ltr'><strong>lougius</strong></span> <span class='ocrx_word' id='word_1_145' title='bbox 1235 1389 1386 1448; x_wconf 83' lang='lat' dir='ltr'><strong>ferebatur</strong></span> <span class='ocrx_word' id='word_1_146' title='bbox 1410 1391 1553 1450; x_wconf 84' lang='lat' dir='ltr'><strong>relatione</strong></span> <span class='ocrx_word' id='word_1_147' title='bbox 1566 1393 1790 1466; x_wconf 73' lang='lat' dir='ltr'><strong>peregrinorum</strong></span> 
     </span>
     <span class='ocr_line' id='line_1_15' title="bbox 84 1474 1788 1551; baseline 0.004 -18"><span class='ocrx_word' id='word_1_148' title='bbox 84 1477 228 1535; x_wconf 77' lang='lat' dir='ltr'><strong>miracula</strong></span> <span class='ocrx_word' id='word_1_149' title='bbox 241 1481 271 1533; x_wconf 90' lang='lat' dir='ltr'><strong>el</strong></span> <span class='ocrx_word' id='word_1_150' title='bbox 290 1477 411 1533; x_wconf 88' lang='lat' dir='ltr'><strong>virtutes</strong></span> <span class='ocrx_word' id='word_1_151' title='bbox 421 1474 571 1550; x_wconf 87' lang='lat' dir='ltr'><strong>sepulchri</strong></span> <span class='ocrx_word' id='word_1_152' title='bbox 584 1475 665 1534; x_wconf 89' lang='lat' dir='ltr'><strong>beati</strong></span> <span class='ocrx_word' id='word_1_153' title='bbox 679 1474 825 1535; x_wconf 69' lang='lat' dir='ltr'><strong>trudonis</strong></span> <span class='ocrx_word' id='word_1_154' title='bbox 846 1489 908 1533; x_wconf 90' lang='lat' dir='ltr'><strong>non</strong></span> <span class='ocrx_word' id='word_1_155' title='bbox 962 1476 1094 1549; x_wconf 74' lang='lat' dir='ltr'><strong>gloriosa</strong></span> <span class='ocrx_word' id='word_1_156' title='bbox 1105 1477 1261 1537; x_wconf 85' lang='lat' dir='ltr'><strong>celebritas</strong></span> <span class='ocrx_word' id='word_1_157' title='bbox 1283 1479 1498 1540; x_wconf 88' lang='lat' dir='ltr'><strong>miraculorum</strong></span> <span class='ocrx_word' id='word_1_158' title='bbox 1518 1482 1613 1540; x_wconf 90' lang='lat' dir='ltr'><strong>sancti</strong></span> <span class='ocrx_word' id='word_1_159' title='bbox 1632 1481 1788 1551; x_wconf 75' lang='lat' dir='ltr'><strong>trudonis,</strong></span> 
     </span>
     <span class='ocr_line' id='line_1_16' title="bbox 84 1563 1791 1642; baseline 0.004 -19"><span class='ocrx_word' id='word_1_160' title='bbox 84 1565 251 1623; x_wconf 87' lang='lat' dir='ltr'><strong>tamtimori</strong></span> <span class='ocrx_word' id='word_1_161' title='bbox 263 1570 291 1622; x_wconf 89' lang='lat' dir='ltr'><strong>et</strong></span> <span class='ocrx_word' id='word_1_162' title='bbox 300 1564 721 1638; x_wconf 76' lang='lat' dir='ltr'><strong>reverentiar‚quamcstcutui</strong></span> <span class='ocrx_word' id='word_1_163' title='bbox 731 1569 760 1621; x_wconf 88' lang='lat' dir='ltr'><strong>et</strong></span> <span class='ocrx_word' id='word_1_164' title='bbox 769 1563 908 1639; x_wconf 73' lang='lat' dir='ltr'><strong>populari</strong></span> <span class='ocrx_word' id='word_1_165' title='bbox 962 1570 1045 1625; x_wconf 89' lang='lat' dir='ltr'><strong>tanto</strong></span> <span class='ocrx_word' id='word_1_166' title='bbox 1055 1570 1083 1626; x_wconf 91' lang='lat' dir='ltr'><strong>et</strong></span> <span class='ocrx_word' id='word_1_167' title='bbox 1093 1570 1265 1624; x_wconf 89' lang='lat' dir='ltr'><strong>nostrorum</strong></span> <span class='ocrx_word' id='word_1_168' title='bbox 1279 1568 1554 1642; x_wconf 88' lang='lat' dir='ltr'><strong>reprehendebatur</strong></span> <span class='ocrx_word' id='word_1_169' title='bbox 1567 1570 1741 1629; x_wconf 78' lang='lat' dir='ltr'><strong>secularitas</strong></span> <span class='ocrx_word' id='word_1_170' title='bbox 1753 1587 1791 1629; x_wconf 85' lang='lat' dir='ltr'><strong>ex</strong></span> 
     </span>
     <span class='ocr_line' id='line_1_17' title="bbox 83 1652 1791 1733; baseline 0.005 -22"><span class='ocrx_word' id='word_1_171' title='bbox 83 1652 696 1727; x_wconf 65' lang='lat' dir='ltr'><strong>glorioelraqueutabctenlntsepulchrum</strong></span> <span class='ocrx_word' id='word_1_172' title='bbox 704 1652 907 1725; x_wconf 88' lang='lat' dir='ltr'><strong>ajusiutluitus</strong></span> <span class='ocrx_word' id='word_1_173' title='bbox 924 1674 947 1731; x_wconf 89' lang='lat' dir='ltr'>B</span> <span class='ocrx_word' id='word_1_174' title='bbox 962 1652 1079 1713; x_wconf 91' lang='lat' dir='ltr'><strong>levitate</strong></span> <span class='ocrx_word' id='word_1_175' title='bbox 1092 1670 1213 1714; x_wconf 89' lang='lat' dir='ltr'><strong>morum</strong></span> <span class='ocrx_word' id='word_1_176' title='bbox 1224 1660 1253 1714; x_wconf 81' lang='lat' dir='ltr'><strong>et</strong></span> <span class='ocrx_word' id='word_1_177' title='bbox 1265 1656 1413 1715; x_wconf 75' lang='lat' dir='ltr'><strong>abusione</strong></span> <span class='ocrx_word' id='word_1_178' title='bbox 1425 1658 1791 1733; x_wconf 75' lang='lat' dir='ltr'><strong>indisciplinationisssrat</strong></span> 
     </span>
     <span class='ocr_line' id='line_1_18' title="bbox 84 1741 1790 1821; baseline 0.004 -21"><span class='ocrx_word' id='word_1_179' title='bbox 84 1745 460 1816; x_wconf 77' lang='lat' dir='ltr'><strong>peregrinorumnumcrus</strong></span> <span class='ocrx_word' id='word_1_180' title='bbox 473 1759 480 1810; x_wconf 91' lang='lat'>;</span> <span class='ocrx_word' id='word_1_181' title='bbox 491 1757 590 1815; x_wconf 90' lang='lat' dir='ltr'><strong>neque</strong></span> <span class='ocrx_word' id='word_1_182' title='bbox 604 1741 710 1800; x_wconf 87' lang='lat' dir='ltr'><strong>diebus</strong></span> <span class='ocrx_word' id='word_1_183' title='bbox 723 1746 839 1799; x_wconf 88' lang='lat' dir='ltr'><strong>tantum</strong></span> <span class='ocrx_word' id='word_1_184' title='bbox 850 1742 909 1799; x_wconf 88' lang='lat' dir='ltr'><strong>sin·</strong></span> <span class='ocrx_word' id='word_1_185' title='bbox 962 1743 1043 1801; x_wconf 89' lang='lat' dir='ltr'><strong>enim</strong></span> <span class='ocrx_word' id='word_1_186' title='bbox 1056 1759 1177 1803; x_wconf 87' lang='lat' dir='ltr'><strong>summa</strong></span> <span class='ocrx_word' id='word_1_187' title='bbox 1186 1746 1374 1819; x_wconf 86' lang='lat' dir='ltr'><strong>oportunitas</strong></span> <span class='ocrx_word' id='word_1_188' title='bbox 1386 1747 1555 1821; x_wconf 86' lang='lat' dir='ltr'><strong>quibusque</strong></span> <span class='ocrx_word' id='word_1_189' title='bbox 1570 1749 1663 1806; x_wconf 85' lang='lat' dir='ltr'><strong>nostri</strong></span> <span class='ocrx_word' id='word_1_190' title='bbox 1677 1748 1790 1806; x_wconf 88' lang='lat' dir='ltr'><strong>ordinis</strong></span> 
     </span>
     <span class='ocr_line' id='line_1_19' title="bbox 84 1828 1790 1906; baseline 0.004 -18"><span class='ocrx_word' id='word_1_191' title='bbox 84 1832 166 1902; x_wconf 73' lang='lat' dir='ltr'><strong>gulis,</strong></span> <span class='ocrx_word' id='word_1_192' title='bbox 192 1832 248 1889; x_wconf 89' lang='lat' dir='ltr'><strong>sed</strong></span> <span class='ocrx_word' id='word_1_193' title='bbox 266 1831 453 1903; x_wconf 76' lang='lat' dir='ltr'><strong>singulorum</strong></span> <span class='ocrx_word' id='word_1_194' title='bbox 476 1832 594 1889; x_wconf 89' lang='lat' dir='ltr'><strong>dierum</strong></span> <span class='ocrx_word' id='word_1_195' title='bbox 619 1831 700 1889; x_wconf 89' lang='lat' dir='ltr'><strong>boris</strong></span> <span class='ocrx_word' id='word_1_196' title='bbox 724 1835 753 1888; x_wconf 84' lang='lat' dir='ltr'><strong>et</strong></span> <span class='ocrx_word' id='word_1_197' title='bbox 769 1828 909 1904; x_wconf 87' lang='lat' dir='ltr'><strong>scripulis</strong></span> <span class='ocrx_word' id='word_1_198' title='bbox 962 1832 1059 1905; x_wconf 85' lang='lat' dir='ltr'><strong>perire</strong></span> <span class='ocrx_word' id='word_1_199' title='bbox 1071 1832 1239 1890; x_wconf 78' lang='lat' dir='ltr'><strong>volentibus</strong></span> <span class='ocrx_word' id='word_1_200' title='bbox 1254 1847 1290 1890; x_wconf 88' lang='lat' dir='ltr'><strong>ex</strong></span> <span class='ocrx_word' id='word_1_201' title='bbox 1300 1835 1469 1906; x_wconf 80' lang='lat' dir='ltr'><strong>peregriua,</strong></span> <span class='ocrx_word' id='word_1_202' title='bbox 1485 1842 1518 1892; x_wconf 92' lang='lat' dir='ltr'><strong>ut</strong></span> <span class='ocrx_word' id='word_1_203' title='bbox 1530 1836 1604 1901; x_wconf 86' lang='lat' dir='ltr'><strong>dixi,</strong></span> <span class='ocrx_word' id='word_1_204' title='bbox 1614 1837 1751 1895; x_wconf 89' lang='lat' dir='ltr'><strong>veniente</strong></span> <span class='ocrx_word' id='word_1_205' title='bbox 1762 1842 1790 1894; x_wconf 91' lang='lat' dir='ltr'><strong>et</strong></span> 
     </span>
     <span class='ocr_line' id='line_1_20' title="bbox 84 1917 1790 1994; baseline 0.006 -19"><span class='ocrx_word' id='word_1_206' title='bbox 84 1920 314 1993; x_wconf 80' lang='lat' dir='ltr'><strong>superveniebat</strong></span> <span class='ocrx_word' id='word_1_207' title='bbox 339 1918 532 1984; x_wconf 88' lang='lat' dir='ltr'><strong>multitudini,</strong></span> <span class='ocrx_word' id='word_1_208' title='bbox 568 1923 659 1994; x_wconf 89' lang='lat' dir='ltr'><strong>atque</strong></span> <span class='ocrx_word' id='word_1_209' title='bbox 680 1918 778 1976; x_wconf 88' lang='lat' dir='ltr'><strong>noctis</strong></span> <span class='ocrx_word' id='word_1_210' title='bbox 806 1917 909 1976; x_wconf 89' lang='lat' dir='ltr'><strong>medio</strong></span> <span class='ocrx_word' id='word_1_211' title='bbox 962 1919 1092 1976; x_wconf 87' lang='lat' dir='ltr'><strong>abeunte</strong></span> <span class='ocrx_word' id='word_1_212' title='bbox 1106 1919 1305 1986; x_wconf 84' lang='lat' dir='ltr'><strong>multitudine,</strong></span> <span class='ocrx_word' id='word_1_213' title='bbox 1320 1926 1385 1978; x_wconf 90' lang='lat' dir='ltr'><strong>tum</strong></span> <span class='ocrx_word' id='word_1_214' title='bbox 1398 1938 1435 1979; x_wconf 87' lang='lat' dir='ltr'><strong>ex</strong></span> <span class='ocrx_word' id='word_1_215' title='bbox 1450 1921 1594 1982; x_wconf 84' lang='lat' dir='ltr'><strong>contracti</strong></span> <span class='ocrx_word' id='word_1_216' title='bbox 1616 1924 1790 1985; x_wconf 89' lang='lat' dir='ltr'><strong>monasterii</strong></span> 
     </span>
     <span class='ocr_line' id='line_1_21' title="bbox 83 2006 1514 2082; baseline 0.001 -17"><span class='ocrx_word' id='word_1_217' title='bbox 83 2007 775 2080; x_wconf 68' lang='lat' dir='ltr'><strong>mudisonatiebetvenientiumetabeuntium</strong></span> <span class='ocrx_word' id='word_1_218' title='bbox 793 2006 908 2080; x_wconf 89' lang='lat' dir='ltr'><strong>iuquie·</strong></span> <span class='ocrx_word' id='word_1_219' title='bbox 961 2011 1049 2066; x_wconf 86' lang='lat' dir='ltr'><strong>vasta</strong></span> <span class='ocrx_word' id='word_1_220' title='bbox 1060 2009 1291 2082; x_wconf 84' lang='lat' dir='ltr'><strong>reparandaque</strong></span> <span class='ocrx_word' id='word_1_221' title='bbox 1304 2008 1514 2081; x_wconf 89' lang='lat' dir='ltr'><strong>amplitudine.</strong></span> 
     </span>
    </p>

    <p class='ocr_par' dir='ltr' id='par_1_4' title="bbox 14 2093 1793 5008">
     <span class='ocr_line' id='line_1_22' title="bbox 82 2093 1791 2174; baseline 0.002 -20"><span class='ocrx_word' id='word_1_222' title='bbox 82 2098 159 2155; x_wconf 85' lang='lat' dir='ltr'><strong>tatio.</strong></span> <span class='ocrx_word' id='word_1_223' title='bbox 180 2097 294 2155; x_wconf 81' lang='lat' dir='ltr'><strong>vellent</strong></span> <span class='ocrx_word' id='word_1_224' title='bbox 318 2096 432 2155; x_wconf 88' lang='lat' dir='ltr'><strong>nollent</strong></span> <span class='ocrx_word' id='word_1_225' title='bbox 450 2096 564 2161; x_wconf 86' lang='lat' dir='ltr'><strong>iratres,</strong></span> <span class='ocrx_word' id='word_1_226' title='bbox 585 2110 640 2170; x_wconf 86' lang='lat' dir='ltr'><strong>per</strong></span> <span class='ocrx_word' id='word_1_227' title='bbox 653 2110 760 2153; x_wconf 87' lang='lat' dir='ltr'><strong>omnes</strong></span> <span class='ocrx_word' id='word_1_228' title='bbox 785 2093 909 2153; x_wconf 89' lang='lat' dir='ltr'><strong>claustri</strong></span> <span class='ocrx_word' id='word_1_229' title='bbox 999 2100 1024 2153; x_wconf 75' lang='lat' dir='ltr'><strong>l.</strong></span> <span class='ocrx_word' id='word_1_230' title='bbox 1041 2096 1231 2170; x_wconf 82' lang='lat' dir='ltr'><strong>lllquoniam</strong></span> <span class='ocrx_word' id='word_1_231' title='bbox 1244 2096 1420 2170; x_wconf 86' lang='lat' dir='ltr'><strong>quicquide</strong></span> <span class='ocrx_word' id='word_1_232' title='bbox 1439 2098 1596 2171; x_wconf 86' lang='lat' dir='ltr'><strong>discipulis</strong></span> <span class='ocrx_word' id='word_1_233' title='bbox 1607 2098 1791 2174; x_wconf 87' lang='lat' dir='ltr'><strong>delinquitur</strong></span> 
     </span>
     <span class='ocr_line' id='line_1_23' title="bbox 82 2183 1789 2259; baseline 0.002 -18"><span class='ocrx_word' id='word_1_234' title='bbox 82 2186 287 2259; x_wconf 87' lang='lat' dir='ltr'><strong>irrumpebant</strong></span> <span class='ocrx_word' id='word_1_235' title='bbox 299 2190 412 2259; x_wconf 86' lang='lat' dir='ltr'><strong>partes,</strong></span> <span class='ocrx_word' id='word_1_236' title='bbox 422 2185 555 2243; x_wconf 86' lang='lat' dir='ltr'><strong>maxime</strong></span> <span class='ocrx_word' id='word_1_237' title='bbox 569 2185 642 2259; x_wconf 91' lang='lat' dir='ltr'><strong>quia</strong></span> <span class='ocrx_word' id='word_1_238' title='bbox 653 2199 733 2259; x_wconf 90' lang='lat' dir='ltr'><strong>aqua</strong></span> <span class='ocrx_word' id='word_1_239' title='bbox 746 2183 841 2241; x_wconf 86' lang='lat' dir='ltr'><strong>nostri</strong></span> <span class='ocrx_word' id='word_1_240' title='bbox 856 2183 908 2257; x_wconf 90' lang='lat' dir='ltr'><strong>qni</strong></span> <span class='ocrx_word' id='word_1_241' title='bbox 962 2184 1003 2244; x_wconf 91' lang='lat' dir='ltr'><strong>ad</strong></span> <span class='ocrx_word' id='word_1_242' title='bbox 1014 2184 1789 2259; x_wconf 83' lang='lat' dir='ltr'><strong>abbatemrespicerebcatuslteuedictustestificatur,</strong></span> 
     </span>
     <span class='ocr_line' id='line_1_24' title="bbox 82 2273 1791 2349; baseline 0 -17"><span class='ocrx_word' id='word_1_243' title='bbox 82 2274 179 2332; x_wconf 85' lang='lat' dir='ltr'><strong>adbuc</strong></span> <span class='ocrx_word' id='word_1_244' title='bbox 196 2280 332 2348; x_wconf 88' lang='lat' dir='ltr'><strong>superest</strong></span> <span class='ocrx_word' id='word_1_245' title='bbox 346 2275 428 2349; x_wconf 91' lang='lat' dir='ltr'><strong>putei</strong></span> <span class='ocrx_word' id='word_1_246' title='bbox 447 2274 713 2347; x_wconf 87' lang='lat' dir='ltr'><strong>dicebaturpctata</strong></span> <span class='ocrx_word' id='word_1_247' title='bbox 735 2273 909 2331; x_wconf 88' lang='lat' dir='ltr'><strong>innomine</strong></span> <span class='ocrx_word' id='word_1_248' title='bbox 962 2273 1095 2332; x_wconf 81' lang='lat' dir='ltr'><strong>extendit</strong></span> <span class='ocrx_word' id='word_1_249' title='bbox 1122 2273 1190 2348; x_wconf 91' lang='lat' dir='ltr'><strong>pius</strong></span> <span class='ocrx_word' id='word_1_250' title='bbox 1216 2278 1245 2331; x_wconf 94' lang='lat' dir='ltr'><strong>et</strong></span> <span class='ocrx_word' id='word_1_251' title='bbox 1267 2279 1373 2333; x_wconf 88' lang='lat' dir='ltr'><strong>cautus</strong></span> <span class='ocrx_word' id='word_1_252' title='bbox 1394 2273 1497 2332; x_wconf 88' lang='lat' dir='ltr'><strong>salutls</strong></span> <span class='ocrx_word' id='word_1_253' title='bbox 1525 2279 1635 2333; x_wconf 76' lang='lat' dir='ltr'><strong>nostra</strong></span> <span class='ocrx_word' id='word_1_254' title='bbox 1659 2275 1791 2333; x_wconf 89' lang='lat' dir='ltr'><strong>monitor</strong></span> 
     </span>
     <span class='ocr_line' id='line_1_25' title="bbox 82 2359 1791 2437; baseline 0 -16"><span class='ocrx_word' id='word_1_255' title='bbox 82 2365 174 2422; x_wconf 85' lang='lat' dir='ltr'><strong>sancti</strong></span> <span class='ocrx_word' id='word_1_256' title='bbox 187 2362 335 2421; x_wconf 67' lang='lat' dir='ltr'><strong>badonis</strong></span> <span class='ocrx_word' id='word_1_257' title='bbox 348 2363 415 2421; x_wconf 86' lang='lat' dir='ltr'><strong>fleri</strong></span> <span class='ocrx_word' id='word_1_258' title='bbox 424 2362 550 2429; x_wconf 89' lang='lat' dir='ltr'><strong>medela,</strong></span> <span class='ocrx_word' id='word_1_259' title='bbox 561 2370 651 2435; x_wconf 90' lang='lat' dir='ltr'><strong>atque</strong></span> <span class='ocrx_word' id='word_1_260' title='bbox 664 2361 757 2418; x_wconf 88' lang='lat' dir='ltr'><strong>fiebat</strong></span> <span class='ocrx_word' id='word_1_261' title='bbox 766 2359 909 2418; x_wconf 87' lang='lat' dir='ltr'><strong>acceden-</strong></span> <span class='ocrx_word' id='word_1_262' title='bbox 961 2378 1088 2422; x_wconf 89' lang='lat' dir='ltr'><strong>manum</strong></span> <span class='ocrx_word' id='word_1_263' title='bbox 1093 2362 1226 2422; x_wconf 87' lang='lat' dir='ltr'><strong>suamad</strong></span> <span class='ocrx_word' id='word_1_264' title='bbox 1230 2363 1455 2437; x_wconf 85' lang='lat' dir='ltr'><strong>percutiendum</strong></span> <span class='ocrx_word' id='word_1_265' title='bbox 1461 2363 1791 2423; x_wconf 73' lang='lat' dir='ltr'><strong>abbatemltdelardum</strong></span> 
     </span>
     <span class='ocr_line' id='line_1_26' title="bbox 81 2449 1791 2526; baseline 0.002 -18"><span class='ocrx_word' id='word_1_266' title='bbox 81 2453 157 2510; x_wconf 88' lang='lat' dir='ltr'><strong>tibus</strong></span> <span class='ocrx_word' id='word_1_267' title='bbox 171 2452 287 2511; x_wconf 89' lang='lat' dir='ltr'><strong>adeam</strong></span> <span class='ocrx_word' id='word_1_268' title='bbox 296 2451 468 2526; x_wconf 74' lang='lat' dir='ltr'><strong>languidis3</strong></span> <span class='ocrx_word' id='word_1_269' title='bbox 483 2452 536 2508; x_wconf 91' lang='lat' dir='ltr'><strong>sed</strong></span> <span class='ocrx_word' id='word_1_270' title='bbox 545 2455 574 2508; x_wconf 90' lang='lat' dir='ltr'><strong>el</strong></span> <span class='ocrx_word' id='word_1_271' title='bbox 586 2451 697 2524; x_wconf 90' lang='lat' dir='ltr'><strong>leprosi</strong></span> <span class='ocrx_word' id='word_1_272' title='bbox 707 2449 817 2508; x_wconf 88' lang='lat' dir='ltr'><strong>ibidem</strong></span> <span class='ocrx_word' id='word_1_273' title='bbox 826 2450 864 2508; x_wconf 90' lang='lat' dir='ltr'><strong>de</strong></span> <span class='ocrx_word' id='word_1_274' title='bbox 872 2465 909 2507; x_wconf 89' lang='lat' dir='ltr'><strong>eu</strong></span> <span class='ocrx_word' id='word_1_275' title='bbox 962 2452 1035 2526; x_wconf 88' lang='lat' dir='ltr'><strong>quia</strong></span> <span class='ocrx_word' id='word_1_276' title='bbox 1048 2450 1203 2509; x_wconf 91' lang='lat' dir='ltr'><strong>remissius</strong></span> <span class='ocrx_word' id='word_1_277' title='bbox 1212 2451 1307 2509; x_wconf 90' lang='lat' dir='ltr'><strong>multo</strong></span> <span class='ocrx_word' id='word_1_278' title='bbox 1322 2466 1416 2524; x_wconf 77' lang='lat' dir='ltr'><strong>agens</strong></span> <span class='ocrx_word' id='word_1_279' title='bbox 1429 2467 1524 2525; x_wconf 88' lang='lat' dir='ltr'><strong>quam</strong></span> <span class='ocrx_word' id='word_1_280' title='bbox 1538 2464 1660 2511; x_wconf 85' lang='lat' dir='ltr'><strong>necesse</strong></span> <span class='ocrx_word' id='word_1_281' title='bbox 1672 2459 1716 2513; x_wconf 85' lang='lat' dir='ltr'><strong>eat</strong></span> <span class='ocrx_word' id='word_1_282' title='bbox 1726 2453 1791 2512; x_wconf 86' lang='lat' dir='ltr'><strong>anl-</strong></span> 
     </span>
     <span class='ocr_line' id='line_1_27' title="bbox 81 2537 1791 2616; baseline 0.001 -18"><span class='ocrx_word' id='word_1_283' title='bbox 81 2539 129 2598; x_wconf 92' lang='lat' dir='ltr'><strong>loti</strong></span> <span class='ocrx_word' id='word_1_284' title='bbox 143 2541 316 2598; x_wconf 74' lang='lat' dir='ltr'><strong>reseruntur</strong></span> <span class='ocrx_word' id='word_1_285' title='bbox 343 2554 565 2613; x_wconf 89' lang='lat' dir='ltr'><strong>nonnunquam</strong></span> <span class='ocrx_word' id='word_1_286' title='bbox 593 2540 686 2596; x_wconf 87' lang='lat' dir='ltr'><strong>luisse</strong></span> <span class='ocrx_word' id='word_1_287' title='bbox 711 2539 814 2596; x_wconf 79' lang='lat' dir='ltr'><strong>curati.</strong></span> <span class='ocrx_word' id='word_1_288' title='bbox 832 2537 908 2606; x_wconf 78' lang='lat' dir='ltr'><strong>Quid</strong></span> <span class='ocrx_word' id='word_1_289' title='bbox 962 2539 1081 2606; x_wconf 84' lang='lat' dir='ltr'><strong>mabus,</strong></span> <span class='ocrx_word' id='word_1_290' title='bbox 1094 2538 1546 2615; x_wconf 79' lang='lat' dir='ltr'><strong>uonoppcnebatseadtauturn</strong></span> <span class='ocrx_word' id='word_1_291' title='bbox 1557 2540 1728 2600; x_wconf 70' lang='lat' dir='ltr'><strong>mutarum</strong></span> <span class='ocrx_word' id='word_1_292' title='bbox 1739 2555 1791 2616; x_wconf 91' lang='lat' dir='ltr'><strong>pe-</strong></span> 
     </span>
     <span class='ocr_line' id='line_1_28' title="bbox 80 2627 1790 2702; baseline -0.001 -15"><span class='ocrx_word' id='word_1_293' title='bbox 80 2630 199 2687; x_wconf 80' lang='lat' dir='ltr'><strong>multat</strong></span> <span class='ocrx_word' id='word_1_294' title='bbox 213 2629 396 2694; x_wconf 76' lang='lat' dir='ltr'><strong>oratorium,</strong></span> <span class='ocrx_word' id='word_1_295' title='bbox 411 2629 531 2696; x_wconf 87' lang='lat' dir='ltr'><strong>chorus,</strong></span> <span class='ocrx_word' id='word_1_296' title='bbox 548 2629 705 2702; x_wconf 87' lang='lat' dir='ltr'><strong>templum,</strong></span> <span class='ocrx_word' id='word_1_297' title='bbox 730 2628 906 2695; x_wconf 87' lang='lat' dir='ltr'><strong>claustrum,</strong></span> <span class='ocrx_word' id='word_1_298' title='bbox 960 2628 1084 2686; x_wconf 88' lang='lat' dir='ltr'><strong>riculum</strong></span> <span class='ocrx_word' id='word_1_299' title='bbox 1097 2634 1126 2686; x_wconf 90' lang='lat' dir='ltr'><strong>ct</strong></span> <span class='ocrx_word' id='word_1_300' title='bbox 1139 2627 1178 2686; x_wconf 91' lang='lat' dir='ltr'><strong>ad</strong></span> <span class='ocrx_word' id='word_1_301' title='bbox 1195 2628 1414 2687; x_wconf 88' lang='lat' dir='ltr'><strong>advertendum</strong></span> <span class='ocrx_word' id='word_1_302' title='bbox 1423 2628 1607 2687; x_wconf 87' lang='lat' dir='ltr'><strong>imminentis</strong></span> <span class='ocrx_word' id='word_1_303' title='bbox 1614 2628 1724 2687; x_wconf 90' lang='lat' dir='ltr'><strong>luroris</strong></span> <span class='ocrx_word' id='word_1_304' title='bbox 1737 2629 1790 2687; x_wconf 88' lang='lat' dir='ltr'><strong>Dci</strong></span> 
     </span>
     <span class='ocr_line' id='line_1_29' title="bbox 81 2715 1790 2791; baseline -0.001 -16"><span class='ocrx_word' id='word_1_305' title='bbox 81 2724 193 2791; x_wconf 87' lang='lat' dir='ltr'><strong>pratum</strong></span> <span class='ocrx_word' id='word_1_306' title='bbox 201 2723 289 2776; x_wconf 90' lang='lat' dir='ltr'><strong>nocte</strong></span> <span class='ocrx_word' id='word_1_307' title='bbox 297 2717 472 2791; x_wconf 88' lang='lat' dir='ltr'><strong>diequencn</strong></span> <span class='ocrx_word' id='word_1_308' title='bbox 482 2715 907 2775; x_wconf 87' lang='lat' dir='ltr'><strong>inveniebaturamultitudine</strong></span> <span class='ocrx_word' id='word_1_309' title='bbox 961 2716 1179 2781; x_wconf 84' lang='lat' dir='ltr'><strong>exterminium,</strong></span> <span class='ocrx_word' id='word_1_310' title='bbox 1195 2716 1342 2773; x_wconf 80' lang='lat' dir='ltr'><strong>Percussit</strong></span> <span class='ocrx_word' id='word_1_311' title='bbox 1363 2716 1455 2788; x_wconf 80' lang='lat' dir='ltr'><strong>igitur</strong></span> <span class='ocrx_word' id='word_1_312' title='bbox 1471 2733 1540 2775; x_wconf 88' lang='lat' dir='ltr'><strong>eum</strong></span> <span class='ocrx_word' id='word_1_313' title='bbox 1555 2717 1702 2775; x_wconf 86' lang='lat' dir='ltr'><strong>Dominus</strong></span> <span class='ocrx_word' id='word_1_314' title='bbox 1720 2732 1790 2775; x_wconf 89' lang='lat' dir='ltr'><strong>seu·</strong></span> 
     </span>
     <span class='ocr_line' id='line_1_30' title="bbox 80 2804 1790 2881; baseline 0.001 -20"><span class='ocrx_word' id='word_1_315' title='bbox 80 2806 601 2881; x_wconf 84' lang='lat' dir='ltr'><strong>vacuum,quarumperstrepentium</strong></span> <span class='ocrx_word' id='word_1_316' title='bbox 609 2804 905 2879; x_wconf 87' lang='lat' dir='ltr'><strong>continuainquieta-</strong></span> <span class='ocrx_word' id='word_1_317' title='bbox 960 2820 1057 2879; x_wconf 89' lang='lat' dir='ltr'><strong>suque</strong></span> <span class='ocrx_word' id='word_1_318' title='bbox 1071 2804 1221 2876; x_wconf 79' lang='lat' dir='ltr'><strong>uberavit,</strong></span> <span class='ocrx_word' id='word_1_319' title='bbox 1235 2809 1267 2862; x_wconf 91' lang='lat' dir='ltr'><strong>ut</strong></span> <span class='ocrx_word' id='word_1_320' title='bbox 1281 2804 1372 2862; x_wconf 87' lang='lat' dir='ltr'><strong>etiem</strong></span> <span class='ocrx_word' id='word_1_321' title='bbox 1385 2805 1463 2862; x_wconf 90' lang='lat' dir='ltr'><strong>iuter</strong></span> <span class='ocrx_word' id='word_1_322' title='bbox 1481 2804 1568 2877; x_wconf 77' lang='lat' dir='ltr'><strong>signa</strong></span> <span class='ocrx_word' id='word_1_323' title='bbox 1580 2811 1609 2864; x_wconf 92' lang='lat' dir='ltr'><strong>ct</strong></span> <span class='ocrx_word' id='word_1_324' title='bbox 1634 2805 1790 2870; x_wconf 86' lang='lat' dir='ltr'><strong>miracula,</strong></span> 
     </span>
     <span class='ocr_line' id='line_1_31' title="bbox 81 2891 1790 2969; baseline -0.002 -15"><span class='ocrx_word' id='word_1_325' title='bbox 81 2897 248 2968; x_wconf 74' lang='lat' dir='ltr'><strong>tiemagnee</strong></span> <span class='ocrx_word' id='word_1_326' title='bbox 262 2894 675 2954; x_wconf 79' lang='lat' dir='ltr'><strong>tiebatmclestiae&#39;etordinis</strong></span> <span class='ocrx_word' id='word_1_327' title='bbox 689 2894 906 2969; x_wconf 86' lang='lat' dir='ltr'><strong>impedimento</strong></span> <span class='ocrx_word' id='word_1_328' title='bbox 959 2893 1072 2969; x_wconf 90' lang='lat' dir='ltr'><strong>quibus</strong></span> <span class='ocrx_word' id='word_1_329' title='bbox 1093 2892 1283 2968; x_wconf 87' lang='lat' dir='ltr'><strong>perbeatum</strong></span> <span class='ocrx_word' id='word_1_330' title='bbox 1308 2891 1480 2951; x_wconf 71' lang='lat' dir='ltr'><strong>trudonem</strong></span> <span class='ocrx_word' id='word_1_331' title='bbox 1499 2892 1593 2951; x_wconf 70' lang='lat' dir='ltr'><strong>utam</strong></span> <span class='ocrx_word' id='word_1_332' title='bbox 1616 2896 1790 2951; x_wconf 87' lang='lat' dir='ltr'><strong>nostrornm</strong></span> 
     </span>
     <span class='ocr_line' id='line_1_32' title="bbox 79 2979 1790 3059; baseline -0.001 -16"><span class='ocrx_word' id='word_1_333' title='bbox 79 2985 256 3054; x_wconf 84' lang='lat' dir='ltr'><strong>senioribus,</strong></span> <span class='ocrx_word' id='word_1_334' title='bbox 268 2984 571 3044; x_wconf 88' lang='lat' dir='ltr'><strong>solitisetvoteutibus</strong></span> <span class='ocrx_word' id='word_1_335' title='bbox 580 2983 758 3043; x_wconf 85' lang='lat' dir='ltr'><strong>Decservire</strong></span> <span class='ocrx_word' id='word_1_336' title='bbox 767 2984 905 3059; x_wconf 86' lang='lat' dir='ltr'><strong>inquiete</strong></span> <span class='ocrx_word' id='word_1_337' title='bbox 960 2979 1790 3053; x_wconf 82' lang='lat' dir='ltr'><strong>emundandamcotidieammonebat‚exhccammonitos</strong></span> 
     </span>
     <span class='ocr_line' id='line_1_33' title="bbox 77 3069 1788 3147; baseline -0.002 -16"><span class='ocrx_word' id='word_1_338' title='bbox 77 3080 105 3131; x_wconf 87' lang='lat' dir='ltr'><strong>et</strong></span> <span class='ocrx_word' id='word_1_339' title='bbox 117 3075 245 3133; x_wconf 86' lang='lat' dir='ltr'><strong>silentio.</strong></span> <span class='ocrx_word' id='word_1_340' title='bbox 261 3074 397 3131; x_wconf 81' lang='lat' dir='ltr'><strong>iuniores</strong></span> <span class='ocrx_word' id='word_1_341' title='bbox 411 3089 493 3141; x_wconf 87' lang='lat' dir='ltr'><strong>vero,</strong></span> <span class='ocrx_word' id='word_1_342' title='bbox 509 3073 622 3147; x_wconf 90' lang='lat' dir='ltr'><strong>quibus</strong></span> <span class='ocrx_word' id='word_1_343' title='bbox 633 3072 712 3131; x_wconf 89' lang='lat' dir='ltr'><strong>tedio</strong></span> <span class='ocrx_word' id='word_1_344' title='bbox 727 3077 791 3132; x_wconf 91' lang='lat' dir='ltr'><strong>erat</strong></span> <span class='ocrx_word' id='word_1_345' title='bbox 802 3072 905 3145; x_wconf 76' lang='lat' dir='ltr'><strong>religio</strong></span> <span class='ocrx_word' id='word_1_346' title='bbox 959 3072 1065 3131; x_wconf 84' lang='lat' dir='ltr'><strong>iratres</strong></span> <span class='ocrx_word' id='word_1_347' title='bbox 1101 3076 1232 3135; x_wconf 85' lang='lat' dir='ltr'><strong>terreret,</strong></span> <span class='ocrx_word' id='word_1_348' title='bbox 1254 3070 1372 3129; x_wconf 85' lang='lat' dir='ltr'><strong>territos</strong></span> <span class='ocrx_word' id='word_1_349' title='bbox 1408 3069 1646 3129; x_wconf 85' lang='lat' dir='ltr'><strong>animadvertere</strong></span> <span class='ocrx_word' id='word_1_350' title='bbox 1669 3070 1788 3140; x_wconf 83' lang='lat' dir='ltr'><strong>laceret,</strong></span> 
     </span>
     <span class='ocr_line' id='line_1_34' title="bbox 78 3157 1792 3238; baseline -0.002 -18"><span class='ocrx_word' id='word_1_351' title='bbox 78 3163 271 3238; x_wconf 84' lang='lat' dir='ltr'><strong>etdisclpllua</strong></span> <span class='ocrx_word' id='word_1_352' title='bbox 282 3163 363 3228; x_wconf 85' lang='lat' dir='ltr'><strong>odlc,</strong></span> <span class='ocrx_word' id='word_1_353' title='bbox 389 3162 615 3234; x_wconf 77' lang='lat' dir='ltr'><strong>gratulabantur</strong></span> <span class='ocrx_word' id='word_1_354' title='bbox 623 3162 707 3235; x_wconf 84' lang='lat' dir='ltr'><strong>prius</strong></span> <span class='ocrx_word' id='word_1_355' title='bbox 721 3161 837 3220; x_wconf 89' lang='lat' dir='ltr'><strong>occulte</strong></span> <span class='ocrx_word' id='word_1_356' title='bbox 847 3162 905 3220; x_wconf 89' lang='lat' dir='ltr'><strong>bac</strong></span> <span class='ocrx_word' id='word_1_357' title='bbox 958 3161 1043 3237; x_wconf 89' lang='lat' dir='ltr'><strong>quod</strong></span> <span class='ocrx_word' id='word_1_358' title='bbox 1056 3175 1161 3219; x_wconf 89' lang='lat' dir='ltr'><strong>eorum</strong></span> <span class='ocrx_word' id='word_1_359' title='bbox 1177 3158 1309 3234; x_wconf 88' lang='lat' dir='ltr'><strong>peccetis</strong></span> <span class='ocrx_word' id='word_1_360' title='bbox 1324 3157 1503 3217; x_wconf 86' lang='lat' dir='ltr'><strong>iacientibus</strong></span> <span class='ocrx_word' id='word_1_361' title='bbox 1531 3158 1580 3217; x_wconf 90' lang='lat' dir='ltr'><strong>illa</strong></span> <span class='ocrx_word' id='word_1_362' title='bbox 1597 3173 1689 3218; x_wconf 88' lang='lat' dir='ltr'><strong>sensu</strong></span> <span class='ocrx_word' id='word_1_363' title='bbox 1712 3163 1792 3216; x_wconf 87' lang='lat' dir='ltr'><strong>esset</strong></span> 
     </span>
     <span class='ocr_line' id='line_1_35' title="bbox 77 3246 1791 3324; baseline -0.002 -15"><span class='ocrx_word' id='word_1_364' title='bbox 77 3253 162 3324; x_wconf 86' lang='lat' dir='ltr'><strong>quasi</strong></span> <span class='ocrx_word' id='word_1_365' title='bbox 176 3251 356 3309; x_wconf 87' lang='lat' dir='ltr'><strong>necessitate</strong></span> <span class='ocrx_word' id='word_1_366' title='bbox 384 3267 415 3308; x_wconf 91' lang='lat' dir='ltr'><strong>se</strong></span> <span class='ocrx_word' id='word_1_367' title='bbox 443 3251 595 3322; x_wconf 76' lang='lat' dir='ltr'><strong>magistrer</strong></span> <span class='ocrx_word' id='word_1_368' title='bbox 623 3250 735 3322; x_wconf 77' lang='lat' dir='ltr'><strong>regula</strong></span> <span class='ocrx_word' id='word_1_369' title='bbox 759 3249 905 3308; x_wconf 83' lang='lat' dir='ltr'><strong>mandata</strong></span> <span class='ocrx_word' id='word_1_370' title='bbox 958 3249 1116 3315; x_wconf 83' lang='lat' dir='ltr'><strong>abenatus,</strong></span> <span class='ocrx_word' id='word_1_371' title='bbox 1130 3248 1217 3322; x_wconf 79' lang='lat' dir='ltr'><strong>cujus</strong></span> <span class='ocrx_word' id='word_1_372' title='bbox 1229 3248 1341 3305; x_wconf 89' lang='lat' dir='ltr'><strong>ducatu</strong></span> <span class='ocrx_word' id='word_1_373' title='bbox 1353 3246 1417 3318; x_wconf 75' lang='lat' dir='ltr'><strong>regi</strong></span> <span class='ocrx_word' id='word_1_374' title='bbox 1431 3246 1573 3305; x_wconf 87' lang='lat' dir='ltr'><strong>deberent</strong></span> <span class='ocrx_word' id='word_1_375' title='bbox 1587 3249 1791 3305; x_wconf 88' lang='lat' dir='ltr'><strong>nutanteseo·</strong></span> 
     </span>
     <span class='ocr_line' id='line_1_36' title="bbox 77 3335 1791 3413; baseline -0.002 -15"><span class='ocrx_word' id='word_1_376' title='bbox 77 3342 236 3413; x_wconf 70' lang='lat' dir='ltr'><strong>preterire.</strong></span> <span class='ocrx_word' id='word_1_377' title='bbox 252 3345 380 3398; x_wconf 77' lang='lat' dir='ltr'><strong>Accessu</strong></span> <span class='ocrx_word' id='word_1_378' title='bbox 395 3354 465 3397; x_wconf 88' lang='lat' dir='ltr'><strong>vero</strong></span> <span class='ocrx_word' id='word_1_379' title='bbox 475 3338 618 3413; x_wconf 91' lang='lat' dir='ltr'><strong>temporis</strong></span> <span class='ocrx_word' id='word_1_380' title='bbox 628 3338 904 3412; x_wconf 82' lang='lat' dir='ltr'><strong>etfrequentissimo</strong></span> <span class='ocrx_word' id='word_1_381' title='bbox 957 3354 1027 3395; x_wconf 90' lang='lat' dir='ltr'><strong>rum</strong></span> <span class='ocrx_word' id='word_1_382' title='bbox 1042 3353 1178 3409; x_wconf 76' lang='lat' dir='ltr'><strong>gressus.</strong></span> <span class='ocrx_word' id='word_1_383' title='bbox 1192 3337 1304 3394; x_wconf 80' lang='lat' dir='ltr'><strong>Ductus</strong></span> <span class='ocrx_word' id='word_1_384' title='bbox 1316 3335 1625 3409; x_wconf 81' lang='lat' dir='ltr'><strong>itaquecstbeodium</strong></span> <span class='ocrx_word' id='word_1_385' title='bbox 1636 3336 1791 3395; x_wconf 82' lang='lat' dir='ltr'><strong>admone·</strong></span> 
     </span>
     <span class='ocr_line' id='line_1_37' title="bbox 77 3423 1790 3502; baseline -0.001 -18"><span class='ocrx_word' id='word_1_386' title='bbox 77 3445 134 3485; x_wconf 86' lang='lat' dir='ltr'><strong>usu</strong></span> <span class='ocrx_word' id='word_1_387' title='bbox 144 3429 311 3502; x_wconf 76' lang='lat' dir='ltr'><strong>peregrines</strong></span> <span class='ocrx_word' id='word_1_388' title='bbox 324 3427 530 3498; x_wconf 88' lang='lat' dir='ltr'><strong>multitudinis,</strong></span> <span class='ocrx_word' id='word_1_389' title='bbox 554 3426 678 3484; x_wconf 75' lang='lat' dir='ltr'><strong>tacdmn</strong></span> <span class='ocrx_word' id='word_1_390' title='bbox 705 3427 905 3485; x_wconf 88' lang='lat' dir='ltr'><strong>inverecunde</strong></span> <span class='ocrx_word' id='word_1_391' title='bbox 959 3426 1085 3484; x_wconf 89' lang='lat' dir='ltr'><strong>starium</strong></span> <span class='ocrx_word' id='word_1_392' title='bbox 1097 3425 1178 3483; x_wconf 89' lang='lat' dir='ltr'><strong>beati</strong></span> <span class='ocrx_word' id='word_1_393' title='bbox 1192 3425 1350 3492; x_wconf 80' lang='lat' dir='ltr'><strong>Laurentii,</strong></span> <span class='ocrx_word' id='word_1_394' title='bbox 1364 3423 1467 3498; x_wconf 90' lang='lat' dir='ltr'><strong>ibique</strong></span> <span class='ocrx_word' id='word_1_395' title='bbox 1480 3423 1693 3483; x_wconf 75' lang='lat' dir='ltr'><strong>beneticorum</strong></span> <span class='ocrx_word' id='word_1_396' title='bbox 1705 3439 1790 3483; x_wconf 89' lang='lat' dir='ltr'><strong>more</strong></span> 
     </span>
     <span class='ocr_line' id='line_1_38' title="bbox 77 3512 1791 3592; baseline -0.002 -18"><span class='ocrx_word' id='word_1_397' title='bbox 77 3517 171 3575; x_wconf 87' lang='lat' dir='ltr'><strong>lroute</strong></span> <span class='ocrx_word' id='word_1_398' title='bbox 187 3521 344 3592; x_wconf 85' lang='lat' dir='ltr'><strong>coeperuut</strong></span> <span class='ocrx_word' id='word_1_399' title='bbox 357 3516 397 3574; x_wconf 89' lang='lat' dir='ltr'><strong>ad</strong></span> <span class='ocrx_word' id='word_1_400' title='bbox 406 3515 525 3573; x_wconf 90' lang='lat' dir='ltr'><strong>libitum</strong></span> <span class='ocrx_word' id='word_1_401' title='bbox 535 3521 642 3573; x_wconf 88' lang='lat' dir='ltr'><strong>cuncta</strong></span> <span class='ocrx_word' id='word_1_402' title='bbox 652 3530 740 3589; x_wconf 77' lang='lat' dir='ltr'><strong>agere</strong></span> <span class='ocrx_word' id='word_1_403' title='bbox 751 3515 904 3585; x_wconf 87' lang='lat' dir='ltr'><strong>;locorum</strong></span> <span class='ocrx_word' id='word_1_404' title='bbox 959 3515 1044 3573; x_wconf 86' lang='lat' dir='ltr'><strong>lactis</strong></span> <span class='ocrx_word' id='word_1_405' title='bbox 1055 3514 1157 3572; x_wconf 89' lang='lat' dir='ltr'><strong>multis</strong></span> <span class='ocrx_word' id='word_1_406' title='bbox 1171 3512 1279 3571; x_wconf 91' lang='lat' dir='ltr'><strong>diebus</strong></span> <span class='ocrx_word' id='word_1_407' title='bbox 1293 3513 1324 3570; x_wconf 92' lang='lat' dir='ltr'><strong>in</strong></span> <span class='ocrx_word' id='word_1_408' title='bbox 1340 3515 1436 3586; x_wconf 91' lang='lat' dir='ltr'><strong>cripta</strong></span> <span class='ocrx_word' id='word_1_409' title='bbox 1446 3512 1542 3572; x_wconf 79' lang='lat' dir='ltr'><strong>beatas</strong></span> <span class='ocrx_word' id='word_1_410' title='bbox 1555 3514 1652 3572; x_wconf 79' lang='lat' dir='ltr'><strong>llariae</strong></span> <span class='ocrx_word' id='word_1_411' title='bbox 1668 3529 1791 3588; x_wconf 90' lang='lat' dir='ltr'><strong>semper</strong></span> 
     </span>
     <span class='ocr_line' id='line_1_39' title="bbox 78 3601 1790 3678; baseline -0.001 -16"><span class='ocrx_word' id='word_1_412' title='bbox 78 3603 904 3678; x_wconf 75' lang='lat' dir='ltr'><strong>indifferenterabutebanturqualitatibusethorarumtam</strong></span> <span class='ocrx_word' id='word_1_413' title='bbox 958 3603 1095 3676; x_wconf 77' lang='lat' dir='ltr'><strong>Virginis,</strong></span> <span class='ocrx_word' id='word_1_414' title='bbox 1112 3603 1211 3660; x_wconf 88' lang='lat' dir='ltr'><strong>curari</strong></span> <span class='ocrx_word' id='word_1_415' title='bbox 1220 3601 1342 3660; x_wconf 89' lang='lat' dir='ltr'><strong>taudem</strong></span> <span class='ocrx_word' id='word_1_416' title='bbox 1357 3601 1467 3659; x_wconf 89' lang='lat' dir='ltr'><strong>meruit</strong></span> <span class='ocrx_word' id='word_1_417' title='bbox 1494 3601 1560 3676; x_wconf 83' lang='lat' dir='ltr'><strong>eJus</strong></span> <span class='ocrx_word' id='word_1_418' title='bbox 1578 3602 1790 3663; x_wconf 89' lang='lat' dir='ltr'><strong>intercessione</strong></span> 
     </span>
     <span class='ocr_line' id='line_1_40' title="bbox 76 3690 1790 3767; baseline -0.002 -15"><span class='ocrx_word' id='word_1_419' title='bbox 76 3691 903 3767; x_wconf 86' lang='lat' dir='ltr'><strong>incompetentiumquamcompetentiumvicissitudinibus</strong></span> <span class='ocrx_word' id='word_1_420' title='bbox 958 3690 1790 3767; x_wconf 74' lang='lat' dir='ltr'><strong>adsepulchrumbeathulbodonisepiscopitl94).Sed</strong></span> 
     </span>
     <span class='ocr_line' id='line_1_41' title="bbox 76 3777 1788 3857; baseline -0.002 -17"><span class='ocrx_word' id='word_1_421' title='bbox 76 3780 904 3857; x_wconf 82' lang='lat' dir='ltr'><strong>seniorumincrepationesiudlgcactisuperciliorespue-</strong></span> <span class='ocrx_word' id='word_1_422' title='bbox 957 3797 1056 3855; x_wconf 91' lang='lat' dir='ltr'><strong>neque</strong></span> <span class='ocrx_word' id='word_1_423' title='bbox 1073 3783 1116 3838; x_wconf 88' lang='lat' dir='ltr'><strong>sic</strong></span> <span class='ocrx_word' id='word_1_424' title='bbox 1134 3778 1243 3839; x_wconf 89' lang='lat' dir='ltr'><strong>sentire</strong></span> <span class='ocrx_word' id='word_1_425' title='bbox 1265 3777 1359 3840; x_wconf 87' lang='lat' dir='ltr'><strong>volult</strong></span> <span class='ocrx_word' id='word_1_426' title='bbox 1373 3785 1544 3839; x_wconf 90' lang='lat' dir='ltr'><strong>nostrorum</strong></span> <span class='ocrx_word' id='word_1_427' title='bbox 1559 3780 1641 3837; x_wconf 90' lang='lat' dir='ltr'><strong>mala</strong></span> <span class='ocrx_word' id='word_1_428' title='bbox 1659 3780 1788 3847; x_wconf 76' lang='lat' dir='ltr'><strong>cacitas,</strong></span> 
     </span>
     <span class='ocr_line' id='line_1_42' title="bbox 76 3867 1793 3945; baseline 0.001 -19"><span class='ocrx_word' id='word_1_429' title='bbox 76 3885 106 3926; x_wconf 89' lang='lat' dir='ltr'><strong>re</strong></span> <span class='ocrx_word' id='word_1_430' title='bbox 120 3871 153 3927; x_wconf 90' lang='lat' dir='ltr'><strong>in</strong></span> <span class='ocrx_word' id='word_1_431' title='bbox 173 3872 277 3945; x_wconf 89' lang='lat' dir='ltr'><strong>ipsum</strong></span> <span class='ocrx_word' id='word_1_432' title='bbox 288 3868 715 3945; x_wconf 88' lang='lat' dir='ltr'><strong>quoqueabbateminterdum</strong></span> <span class='ocrx_word' id='word_1_433' title='bbox 732 3868 904 3927; x_wconf 88' lang='lat' dir='ltr'><strong>indecenter</strong></span> <span class='ocrx_word' id='word_1_434' title='bbox 958 3885 1052 3945; x_wconf 83' lang='lat' dir='ltr'><strong>quem</strong></span> <span class='ocrx_word' id='word_1_435' title='bbox 1068 3870 1125 3943; x_wconf 82' lang='lat' dir='ltr'><strong>pie,</strong></span> <span class='ocrx_word' id='word_1_436' title='bbox 1137 3872 1462 3942; x_wconf 88' lang='lat' dir='ltr'><strong>quamcautemauum</strong></span> <span class='ocrx_word' id='word_1_437' title='bbox 1477 3867 1793 3943; x_wconf 87' lang='lat' dir='ltr'><strong>misericordirepcrri·</strong></span> 
     </span>
     <span class='ocr_line' id='line_1_43' title="bbox 14 3956 1790 4033; baseline -0.001 -16"><span class='ocrx_word' id='word_1_438' title='bbox 14 3973 16 3986; x_wconf 91' lang='grc'><strong><em>·</em></strong></span> <span class='ocrx_word' id='word_1_439' title='bbox 76 3959 510 4033; x_wconf 85' lang='lat' dir='ltr'><strong>protervire.quoqneprimum</strong></span> <span class='ocrx_word' id='word_1_440' title='bbox 524 3957 904 4015; x_wconf 86' lang='lat' dir='ltr'><strong>inanimemocecbitctius</strong></span> <span class='ocrx_word' id='word_1_441' title='bbox 958 3963 1039 4031; x_wconf 81' lang='lat' dir='ltr'><strong>geret</strong></span> <span class='ocrx_word' id='word_1_442' title='bbox 1054 3956 1473 4023; x_wconf 85' lang='lat' dir='ltr'><strong>eisdivinamiaericordie,in</strong></span> <span class='ocrx_word' id='word_1_443' title='bbox 1486 3956 1606 4032; x_wconf 75' lang='lat' dir='ltr'><strong>flagello</strong></span> <span class='ocrx_word' id='word_1_444' title='bbox 1621 3958 1668 4014; x_wconf 89' lang='lat' dir='ltr'><strong>sul</strong></span> <span class='ocrx_word' id='word_1_445' title='bbox 1684 3958 1790 4032; x_wconf 89' lang='lat' dir='ltr'><strong>capitis</strong></span> 
     </span>
     <span class='ocr_line' id='line_1_44' title="bbox 74 4047 1789 4122; baseline 0.001 -18"><span class='ocrx_word' id='word_1_446' title='bbox 74 4047 904 4121; x_wconf 83' lang='lat' dir='ltr'><strong>perditionisradicabilcetseminarium,etsupremumex·</strong></span> <span class='ocrx_word' id='word_1_447' title='bbox 958 4047 1122 4122; x_wconf 83' lang='lat' dir='ltr'><strong>periculum</strong></span> <span class='ocrx_word' id='word_1_448' title='bbox 1134 4061 1314 4106; x_wconf 87' lang='lat' dir='ltr'><strong>ammonens</strong></span> <span class='ocrx_word' id='word_1_449' title='bbox 1328 4047 1417 4103; x_wconf 91' lang='lat' dir='ltr'><strong>totius</strong></span> <span class='ocrx_word' id='word_1_450' title='bbox 1433 4047 1581 4120; x_wconf 89' lang='lat' dir='ltr'><strong>corporis.</strong></span> <span class='ocrx_word' id='word_1_451' title='bbox 1601 4047 1679 4115; x_wconf 86' lang='lat' dir='ltr'><strong>Quin</strong></span> <span class='ocrx_word' id='word_1_452' title='bbox 1692 4048 1789 4121; x_wconf 76' lang='lat' dir='ltr'><strong>magis</strong></span> 
     </span>
     <span class='ocr_line' id='line_1_45' title="bbox 75 4133 1790 4210; baseline -0.001 -16"><span class='ocrx_word' id='word_1_453' title='bbox 75 4137 258 4194; x_wconf 85' lang='lat' dir='ltr'><strong>terminandi</strong></span> <span class='ocrx_word' id='word_1_454' title='bbox 268 4137 381 4193; x_wconf 87' lang='lat' dir='ltr'><strong>ordinis</strong></span> <span class='ocrx_word' id='word_1_455' title='bbox 388 4137 495 4210; x_wconf 82' lang='lat' dir='ltr'><strong>vixque</strong></span> <span class='ocrx_word' id='word_1_456' title='bbox 502 4151 632 4208; x_wconf 88' lang='lat' dir='ltr'><strong>uuquam</strong></span> <span class='ocrx_word' id='word_1_457' title='bbox 639 4134 822 4192; x_wconf 85' lang='lat' dir='ltr'><strong>eradendum</strong></span> <span class='ocrx_word' id='word_1_458' title='bbox 829 4134 904 4191; x_wconf 84' lang='lat' dir='ltr'><strong>erci—</strong></span> <span class='ocrx_word' id='word_1_459' title='bbox 957 4137 1073 4210; x_wconf 90' lang='lat' dir='ltr'><strong>impetu</strong></span> <span class='ocrx_word' id='word_1_460' title='bbox 1087 4133 1275 4193; x_wconf 82' lang='lat' dir='ltr'><strong>irrevocabili</strong></span> <span class='ocrx_word' id='word_1_461' title='bbox 1286 4134 1457 4195; x_wconf 82' lang='lat' dir='ltr'><strong>terebantur</strong></span> <span class='ocrx_word' id='word_1_462' title='bbox 1466 4136 1508 4193; x_wconf 89' lang='lat' dir='ltr'><strong>ad</strong></span> <span class='ocrx_word' id='word_1_463' title='bbox 1522 4151 1612 4194; x_wconf 88' lang='lat' dir='ltr'><strong>omne</strong></span> <span class='ocrx_word' id='word_1_464' title='bbox 1635 4136 1790 4210; x_wconf 88' lang='lat' dir='ltr'><strong>quoderat</strong></span> 
     </span>
     <span class='ocr_line' id='line_1_46' title="bbox 75 4222 1790 4297; baseline 0 -15"><span class='ocrx_word' id='word_1_465' title='bbox 75 4226 154 4282; x_wconf 87' lang='lat' dir='ltr'><strong>dium</strong></span> <span class='ocrx_word' id='word_1_466' title='bbox 161 4222 902 4297; x_wconf 87' lang='lat' dir='ltr'><strong>iutereaillicitisproprietatibusardenterstudere,</strong></span> <span class='ocrx_word' id='word_1_467' title='bbox 957 4225 1001 4283; x_wconf 88' lang='lat' dir='ltr'><strong>eis</strong></span> <span class='ocrx_word' id='word_1_468' title='bbox 1017 4223 1166 4282; x_wconf 88' lang='lat' dir='ltr'><strong>desiderio</strong></span> <span class='ocrx_word' id='word_1_469' title='bbox 1178 4227 1207 4280; x_wconf 90' lang='lat' dir='ltr'><strong>et</strong></span> <span class='ocrx_word' id='word_1_470' title='bbox 1220 4223 1378 4296; x_wconf 86' lang='lat' dir='ltr'><strong>voluptati,</strong></span> <span class='ocrx_word' id='word_1_471' title='bbox 1393 4228 1492 4297; x_wconf 87' lang='lat' dir='ltr'><strong>capta,</strong></span> <span class='ocrx_word' id='word_1_472' title='bbox 1514 4229 1547 4281; x_wconf 90' lang='lat' dir='ltr'><strong>ut</strong></span> <span class='ocrx_word' id='word_1_473' title='bbox 1561 4226 1699 4297; x_wconf 89' lang='lat' dir='ltr'><strong>superius</strong></span> <span class='ocrx_word' id='word_1_474' title='bbox 1725 4224 1790 4282; x_wconf 87' lang='lat' dir='ltr'><strong>dixi</strong></span> 
     </span>
     <span class='ocr_line' id='line_1_47' title="bbox 76 4310 1788 4386; baseline -0.002 -15"><span class='ocrx_word' id='word_1_475' title='bbox 76 4323 100 4371; x_wconf 88' lang='lat' dir='ltr'><strong>et</strong></span> <span class='ocrx_word' id='word_1_476' title='bbox 114 4314 325 4372; x_wconf 90' lang='lat' dir='ltr'><strong>esecularlum</strong></span> <span class='ocrx_word' id='word_1_477' title='bbox 331 4328 529 4386; x_wconf 88' lang='lat' dir='ltr'><strong>personarum</strong></span> <span class='ocrx_word' id='word_1_478' title='bbox 542 4313 714 4370; x_wconf 85' lang='lat' dir='ltr'><strong>accessibus</strong></span> <span class='ocrx_word' id='word_1_479' title='bbox 733 4311 777 4368; x_wconf 89' lang='lat' dir='ltr'><strong>vel</strong></span> <span class='ocrx_word' id='word_1_480' title='bbox 792 4310 904 4369; x_wconf 73' lang='lat' dir='ltr'><strong>medio</strong></span> <span class='ocrx_word' id='word_1_481' title='bbox 958 4310 1159 4386; x_wconf 89' lang='lat' dir='ltr'><strong>oportunitate</strong></span> <span class='ocrx_word' id='word_1_482' title='bbox 1171 4324 1208 4367; x_wconf 89' lang='lat' dir='ltr'><strong>ex</strong></span> <span class='ocrx_word' id='word_1_483' title='bbox 1216 4310 1473 4382; x_wconf 86' lang='lat' dir='ltr'><strong>circumstrepenti</strong></span> <span class='ocrx_word' id='word_1_484' title='bbox 1479 4311 1701 4383; x_wconf 77' lang='lat' dir='ltr'><strong>peregrinorum</strong></span> <span class='ocrx_word' id='word_1_485' title='bbox 1709 4311 1788 4367; x_wconf 90' lang='lat' dir='ltr'><strong>mul-</strong></span> 
     </span>
     <span class='ocr_line' id='line_1_48' title="bbox 76 4366 1788 4473; baseline -0.002 -14"><span class='ocrx_word' id='word_1_486' title='bbox 76 4404 162 4460; x_wconf 90' lang='lat' dir='ltr'><strong>criter</strong></span> <span class='ocrx_word' id='word_1_487' title='bbox 172 4417 236 4460; x_wconf 91' lang='lat' dir='ltr'><strong>non</strong></span> <span class='ocrx_word' id='word_1_488' title='bbox 250 4401 409 4467; x_wconf 88' lang='lat' dir='ltr'><strong>abstinere,</strong></span> <span class='ocrx_word' id='word_1_489' title='bbox 425 4401 536 4458; x_wconf 90' lang='lat' dir='ltr'><strong>audere</strong></span> <span class='ocrx_word' id='word_1_490' title='bbox 547 4400 627 4473; x_wconf 88' lang='lat' dir='ltr'><strong>quod</strong></span> <span class='ocrx_word' id='word_1_491' title='bbox 644 4415 706 4456; x_wconf 90' lang='lat' dir='ltr'><strong>non</strong></span> <span class='ocrx_word' id='word_1_492' title='bbox 716 4399 901 4473; x_wconf 83' lang='lat' dir='ltr'><strong>expediebat.</strong></span> <span class='ocrx_word' id='word_1_493' title='bbox 920 4366 943 4423; x_wconf 77' lang='lat'><strong>⁰</strong></span> <span class='ocrx_word' id='word_1_494' title='bbox 957 4400 1082 4458; x_wconf 91' lang='lat' dir='ltr'><strong>titudine</strong></span> <span class='ocrx_word' id='word_1_495' title='bbox 1095 4402 1184 4472; x_wconf 89' lang='lat' dir='ltr'><strong>atque</strong></span> <span class='ocrx_word' id='word_1_496' title='bbox 1194 4413 1229 4455; x_wconf 88' lang='lat' dir='ltr'><strong>ex</strong></span> <span class='ocrx_word' id='word_1_497' title='bbox 1242 4400 1329 4454; x_wconf 88' lang='lat' dir='ltr'><strong>vasta</strong></span> <span class='ocrx_word' id='word_1_498' title='bbox 1339 4396 1424 4455; x_wconf 80' lang='lat' dir='ltr'><strong>tracti</strong></span> <span class='ocrx_word' id='word_1_499' title='bbox 1447 4397 1621 4455; x_wconf 91' lang='lat' dir='ltr'><strong>monasterii</strong></span> <span class='ocrx_word' id='word_1_500' title='bbox 1648 4398 1788 4472; x_wconf 88' lang='lat' dir='ltr'><strong>amplitu-</strong></span> 
     </span>
     <span class='ocr_line' id='line_1_49' title="bbox 76 4484 1789 4564; baseline -0.001 -17"><span class='ocrx_word' id='word_1_501' title='bbox 76 4489 302 4564; x_wconf 84' lang='lat' dir='ltr'><strong>fliccqucsdam</strong></span> <span class='ocrx_word' id='word_1_502' title='bbox 313 4489 435 4562; x_wconf 83' lang='lat' dir='ltr'><strong>superbi</strong></span> <span class='ocrx_word' id='word_1_503' title='bbox 445 4488 600 4560; x_wconf 77' lang='lat' dir='ltr'><strong>sanguinis</strong></span> <span class='ocrx_word' id='word_1_504' title='bbox 618 4486 783 4545; x_wconf 70' lang='lat' dir='ltr'><strong>etlmcabet</strong></span> <span class='ocrx_word' id='word_1_505' title='bbox 791 4487 904 4545; x_wconf 88' lang='lat' dir='ltr'><strong>tumida</strong></span> <span class='ocrx_word' id='word_1_506' title='bbox 957 4490 1037 4547; x_wconf 90' lang='lat' dir='ltr'><strong>dine.</strong></span> <span class='ocrx_word' id='word_1_507' title='bbox 1057 4490 1132 4545; x_wconf 80' lang='lat' dir='ltr'><strong>lum</strong></span> <span class='ocrx_word' id='word_1_508' title='bbox 1146 4489 1219 4561; x_wconf 88' lang='lat' dir='ltr'><strong>quia</strong></span> <span class='ocrx_word' id='word_1_509' title='bbox 1233 4485 1342 4560; x_wconf 85' lang='lat' dir='ltr'><strong>siquid</strong></span> <span class='ocrx_word' id='word_1_510' title='bbox 1353 4484 1687 4560; x_wconf 80' lang='lat' dir='ltr'><strong>tortecoueupiscectta</strong></span> <span class='ocrx_word' id='word_1_511' title='bbox 1699 4486 1726 4523; x_wconf 79' lang='lat'><strong>⁷⁸</strong></span> <span class='ocrx_word' id='word_1_512' title='bbox 1737 4501 1789 4546; x_wconf 91' lang='lat' dir='ltr'><strong>cu·</strong></span> 
     </span>
     <span class='ocr_line' id='line_1_50' title="bbox 75 4573 1787 4652; baseline -0.003 -13"><span class='ocrx_word' id='word_1_513' title='bbox 75 4575 902 4652; x_wconf 67' lang='lat' dir='ltr'><strong>recordabamurquibusdamlenccinactibusmodoscb</strong></span> <span class='ocrx_word' id='word_1_514' title='bbox 955 4573 1787 4651; x_wconf 75' lang='lat' dir='ltr'><strong>juequamdeerat,supplebatsiugulisadplecitumsuas</strong></span> 
     </span>
     <span class='ocr_line' id='line_1_51' title="bbox 77 4662 1788 4741; baseline 0 -17"><span class='ocrx_word' id='word_1_515' title='bbox 77 4663 902 4741; x_wconf 84' lang='lat' dir='ltr'><strong>murmuratamedopalacrobjcctaaccendebatejusdecr</strong></span> <span class='ocrx_word' id='word_1_516' title='bbox 956 4662 1788 4739; x_wconf 76' lang='lat' dir='ltr'><strong>pruriginiseffcsissimacblatiosepulchribaetitrucc</strong></span> 
     </span>
     <span class='ocr_line' id='line_1_52' title="bbox 76 4752 1787 4828; baseline -0.002 -13"><span class='ocrx_word' id='word_1_517' title='bbox 76 4757 337 4828; x_wconf 72' lang='lat' dir='ltr'><strong>lasbrssuggestio.</strong></span> <span class='ocrx_word' id='word_1_518' title='bbox 345 4756 478 4822; x_wconf 86' lang='lat' dir='ltr'><strong>Quorum</strong></span> <span class='ocrx_word' id='word_1_519' title='bbox 496 4754 660 4827; x_wconf 88' lang='lat' dir='ltr'><strong>impunitas</strong></span> <span class='ocrx_word' id='word_1_520' title='bbox 679 4752 904 4811; x_wconf 89' lang='lat' dir='ltr'><strong>aliosauimcet</strong></span> <span class='ocrx_word' id='word_1_521' title='bbox 956 4755 1024 4828; x_wconf 88' lang='lat' dir='ltr'><strong>nis;</strong></span> <span class='ocrx_word' id='word_1_522' title='bbox 1036 4769 1098 4812; x_wconf 90' lang='lat' dir='ltr'><strong>nou</strong></span> <span class='ocrx_word' id='word_1_523' title='bbox 1123 4754 1204 4811; x_wconf 89' lang='lat' dir='ltr'><strong>enim</strong></span> <span class='ocrx_word' id='word_1_524' title='bbox 1223 4752 1328 4810; x_wconf 86' lang='lat' dir='ltr'><strong>noxiae</strong></span> <span class='ocrx_word' id='word_1_525' title='bbox 1357 4768 1467 4812; x_wconf 90' lang='lat' dir='ltr'><strong>manus</strong></span> <span class='ocrx_word' id='word_1_526' title='bbox 1491 4768 1511 4810; x_wconf 93' lang='lat' dir='ltr'><strong>a</strong></span> <span class='ocrx_word' id='word_1_527' title='bbox 1529 4756 1614 4812; x_wconf 87' lang='lat' dir='ltr'><strong>tauto</strong></span> <span class='ocrx_word' id='word_1_528' title='bbox 1633 4753 1787 4826; x_wconf 74' lang='lat' dir='ltr'><strong>sacrilegio</strong></span> 
     </span>
     <span class='ocr_line' id='line_1_53' title="bbox 75 4840 1788 4918; baseline -0.001 -15"><span class='ocrx_word' id='word_1_529' title='bbox 75 4848 222 4918; x_wconf 63' lang='lat' dir='ltr'><strong>unguine</strong></span> <span class='ocrx_word' id='word_1_530' title='bbox 234 4846 397 4916; x_wconf 77' lang='lat' dir='ltr'><strong>degeneres</strong></span> <span class='ocrx_word' id='word_1_531' title='bbox 404 4842 581 4901; x_wconf 88' lang='lat' dir='ltr'><strong>audaciores</strong></span> <span class='ocrx_word' id='word_1_532' title='bbox 592 4840 738 4899; x_wconf 86' lang='lat' dir='ltr'><strong>reddebat</strong></span> <span class='ocrx_word' id='word_1_533' title='bbox 748 4841 903 4900; x_wconf 86' lang='lat' dir='ltr'><strong>adsimilis</strong></span> <span class='ocrx_word' id='word_1_534' title='bbox 957 4843 1110 4902; x_wconf 88' lang='lat' dir='ltr'><strong>conticere</strong></span> <span class='ocrx_word' id='word_1_535' title='bbox 1116 4842 1273 4901; x_wconf 89' lang='lat' dir='ltr'><strong>curabant.</strong></span> <span class='ocrx_word' id='word_1_536' title='bbox 1286 4842 1390 4899; x_wconf 81' lang='lat' dir='ltr'><strong>Latere</strong></span> <span class='ocrx_word' id='word_1_537' title='bbox 1402 4841 1461 4900; x_wconf 90' lang='lat' dir='ltr'><strong>iste</strong></span> <span class='ocrx_word' id='word_1_538' title='bbox 1474 4841 1599 4900; x_wconf 89' lang='lat' dir='ltr'><strong>omnino</strong></span> <span class='ocrx_word' id='word_1_539' title='bbox 1610 4856 1673 4900; x_wconf 91' lang='lat' dir='ltr'><strong>non</strong></span> <span class='ocrx_word' id='word_1_540' title='bbox 1682 4847 1788 4915; x_wconf 89' lang='lat' dir='ltr'><strong>potne-</strong></span> 
     </span>
     <span class='ocr_line' id='line_1_54' title="bbox 74 4928 1786 5008; baseline -0.001 -13"><span class='ocrx_word' id='word_1_541' title='bbox 74 4929 903 5008; x_wconf 73' lang='lat' dir='ltr'><strong>tctmcjcraecmmttrencaetimpeticcticreselucidet,</strong></span> <span class='ocrx_word' id='word_1_542' title='bbox 958 4934 1028 4989; x_wconf 90' lang='lat' dir='ltr'><strong>runt</strong></span> <span class='ocrx_word' id='word_1_543' title='bbox 1037 4930 1177 4991; x_wconf 89' lang='lat' dir='ltr'><strong>dominos</strong></span> <span class='ocrx_word' id='word_1_544' title='bbox 1197 4933 1326 4998; x_wconf 86' lang='lat' dir='ltr'><strong>nostros,</strong></span> <span class='ocrx_word' id='word_1_545' title='bbox 1350 4928 1461 4989; x_wconf 91' lang='lat' dir='ltr'><strong>scilicet</strong></span> <span class='ocrx_word' id='word_1_546' title='bbox 1484 4931 1653 4990; x_wconf 81' lang='lat' dir='ltr'><strong>rtettecsem</strong></span> <span class='ocrx_word' id='word_1_547' title='bbox 1667 4935 1698 4989; x_wconf 91' lang='lat' dir='ltr'><strong>et</strong></span> <span class='ocrx_word' id='word_1_548' title='bbox 1711 4931 1786 4994; x_wconf 81' lang='lat' dir='ltr'><strong>beo·</strong></span> 
     </span>
    </p>
   </div>
   <div class='ocr_carea' id='block_1_4' title="bbox 14 5106 1085 5566">
    <p class='ocr_par' dir='ltr' id='par_1_5' title="bbox 14 5106 1085 5310">
     <span class='ocr_line' id='line_1_55' title="bbox 753 5106 1085 5171; baseline -0.006 -5"><span class='ocrx_word' id='word_1_549' title='bbox 753 5106 874 5166; x_wconf 81' lang='lat' dir='ltr'><strong>valttAE</strong></span> <span class='ocrx_word' id='word_1_550' title='bbox 892 5108 1085 5171; x_wconf 67' lang='lat' dir='ltr'><strong>Lectiones</strong></span> 
     </span>
     <span class='ocr_line' id='line_1_56' title="bbox 14 5231 740 5310; baseline -0.006 -12"><span class='ocrx_word' id='word_1_551' title='bbox 14 5293 16 5298; x_wconf 9' lang='lat' dir='ltr'><strong>a</strong></span> <span class='ocrx_word' id='word_1_552' title='bbox 110 5235 295 5310; x_wconf 61' lang='grc' dir='ltr'><strong>τ’(1110ιί1111</strong></span> <span class='ocrx_word' id='word_1_553' title='bbox 311 5237 351 5293; x_wconf 80' lang='lat' dir='ltr'><strong>t&#39;.</strong></span> <span class='ocrx_word' id='word_1_554' title='bbox 371 5234 396 5272; x_wconf 75' lang='lat'><strong>⁷⁸</strong></span> <span class='ocrx_word' id='word_1_555' title='bbox 411 5231 693 5308; x_wconf 87' lang='lat' dir='ltr'><strong>concupeuscientie</strong></span> <span class='ocrx_word' id='word_1_556' title='bbox 712 5232 740 5294; x_wconf 73' lang='lat'><strong>1*</strong></span> 
     </span>
    </p>

    <p class='ocr_par' dir='ltr' id='par_1_6' title="bbox 108 5363 983 5566">
     <span class='ocr_line' id='line_1_57' title="bbox 878 5363 983 5427; baseline 0.038 -4"><span class='ocrx_word' id='word_1_557' title='bbox 878 5363 983 5427; x_wconf 76' lang='lat' dir='ltr'><strong>ltolAE</strong></span> 
     </span>
     <span class='ocr_line' id='line_1_58' title="bbox 108 5490 765 5566; baseline 0.002 -15"><span class='ocrx_word' id='word_1_558' title='bbox 108 5493 188 5566; x_wconf 72' lang='lat' dir='ltr'><strong>(tell</strong></span> <span class='ocrx_word' id='word_1_559' title='bbox 207 5491 379 5555; x_wconf 78' lang='lat' dir='ltr'><strong>leodiensis</strong></span> <span class='ocrx_word' id='word_1_560' title='bbox 391 5490 441 5566; x_wconf 90' lang='lat' dir='ltr'><strong>qni</strong></span> <span class='ocrx_word' id='word_1_561' title='bbox 455 5490 570 5553; x_wconf 88' lang='lat' dir='ltr'><strong>obierat</strong></span> <span class='ocrx_word' id='word_1_562' title='bbox 579 5505 661 5553; x_wconf 90' lang='lat' dir='ltr'><strong>anno</strong></span> <span class='ocrx_word' id='word_1_563' title='bbox 679 5492 765 5552; x_wconf 73' lang='lat' dir='ltr'><strong>teat.</strong></span> 
     </span>
    </p>
   </div>
   <div class='ocr_carea' id='block_1_5' title="bbox 0 0 1946 6050">
    <p class='ocr_par' dir='ltr' id='par_1_7' title="bbox 0 0 1946 6050">
     <span class='ocr_line' id='line_1_59' title="bbox 0 0 1946 6050; baseline 0 2"><span class='ocrx_word' id='word_1_564' title='bbox 0 0 1946 6050; x_wconf 95' lang='lat' dir='ltr'><strong> </strong></span> 
     </span>
    </p>
   </div>
  </div>
 </body>
</html>
