3884 6050
11 202 81 273 tar
389 202 598 276 umcumcu
619 203 832 280 ernnust.
854 212 896 262 a
909 199 987 276 tta
1010 196 1049 275 tr
1068 193 1237 275 sumens
1257 192 1384 275 nureo.
1677 191 1737 277 rel

11 340 154 399 ulterius
167 340 246 400 nolle
257 341 342 399 iilum
360 341 471 401 bebere
484 343 636 413 abbatem,
656 346 707 419 qni
729 361 790 404 non
802 362 856 420 per
870 349 897 412 A
910 348 1028 420 parunt,
1057 343 1163 417 sicque
1185 358 1287 401 coram
1312 343 1489 416 imperatore
1514 343 1736 418 disceptabant,

11 430 207 501 monachos,
224 436 269 488 set
288 431 621 505 perlayccsabbatiam
636 435 859 493 retinerevellet
910 434 1094 507 diversisque
1118 431 1235 505 injuriis
1261 433 1440 505 semetipsos
1472 431 1652 492 afficiebant.
1680 434 1738 491 lm·

13 519 141 577 Dehinc
155 521 234 578 circa
248 520 320 578 solis
334 536 478 579 ocenum
491 525 857 595 papalnnccentiusnun·
910 527 1033 597 perator
1055 526 1156 580 autem
1182 520 1229 578 his
1254 521 1443 580 sermonibus
1468 526 1566 579 motus
1599 523 1740 593 surrexitf

11 608 460 668 tinmsuumadmcnesterium
472 611 614 683 dirigens,
631 611 859 671 tratribusrnan·
911 617 942 670 et
963 627 1057 669 manu
1081 610 1232 669 edentium
1265 609 1411 680 indicens,
1447 611 1518 668 dixit
1539 612 1610 669 satis
1638 628 1740 686 super·

14 698 88 767 det,
101 699 277 773 precipiens
286 704 314 758 et
332 717 386 774 per
396 701 490 758 tidem
501 705 528 758 et
548 701 749 761 obedientiam
764 719 857 777 quam
911 717 971 775 que
982 716 1014 758 se
1030 699 1141 769 mirari,
1152 698 1236 770 quod
1247 698 1316 757 talis
1337 704 1368 758 et
1379 704 1462 758 tanta
1472 702 1664 773 congregatio
1678 705 1741 761 tam

16 788 83 845 sibi
98 789 229 848 etbesto
239 788 323 846 Petro
341 790 541 862 promiserant
554 789 621 848 illos
647 791 812 864 obtestans,
829 797 859 850 ut
911 791 1036 850 mutuae
1051 796 1079 847 at
1090 788 1481 863 inordinateloqueretur,et
1491 806 1560 847 cum
1571 794 1656 848 tanta
1669 805 1742 848 con·

16 877 859 949 ulteriuscidemelectcobedientiamnonexbiberent,ac
911 877 1741 954 lusionesuanegotiademonstrarentPrteciperetergo,

16 965 60 1023 de
83 966 240 1024 &emensi
258 967 382 1025 abbatia
398 984 492 1041 quam
520 969 606 1027 citius
631 975 755 1043 possent
773 970 858 1029 illum
911 970 979 1027 nisi
994 968 1070 1027 iram
1082 968 1210 1026 Romani
1226 966 1332 1024 sedent
1348 968 1473 1041 experiri
1496 968 1625 1042 imperii,
1649 973 1681 1026 ut
1694 984 1740 1027 re·

18 1055 190 1114 exturbare
202 1055 357 1114 studerent
370 1074 380 1129 ;
400 1056 645 1117 observatoribus
658 1058 764 1117 tabum
774 1075 858 1119 man·
911 1058 1091 1118 derabiliter
1103 1060 1132 1114 et
1144 1071 1205 1114 non
1219 1057 1478 1115 cumdissenslcne
1496 1058 1681 1129 negotiosus
1691 1072 1743 1114 ex·

18 1143 172 1202 datorem
182 1160 267 1202 susm
275 1145 859 1223 gratiam,contamptoribnsperpetuun
912 1144 1230 1223 primerentlleecdum
1242 1150 1423 1218 perorasset,
1429 1145 1547 1215 resedit,
1554 1152 1660 1218 etloum
1672 1145 1740 1203 reli·

19 1232 314 1293 indicensexilium.
329 1233 519 1293 illucescente
533 1251 605 1294 sero
624 1236 857 1311 dilucuiotsept.
912 1234 1163 1312 quosconeadere
1183 1234 1330 1307 jussisset,
1356 1234 1618 1308 congregationem
1644 1235 1741 1293 taliter

21 1322 81 1393 ¹5).
99 1322 278 1396 aymericus
293 1322 439 1381 ducouus
450 1324 611 1382 caminatis
625 1331 655 1384 et
664 1326 859 1386 cancellarius
912 1324 1023 1383 otiatus
1035 1329 1089 1392 est,
1101 1322 1206 1381 dicens
1219 1320 1339 1380 abbatis
1364 1322 1550 1401 electionem,
1566 1323 1741 1381 andabata

20 1411 176 1469 Romanae
190 1411 335 1477 ecclesiae,
358 1417 387 1469 et
412 1413 559 1481 Gerendus
573 1414 735 1473 cardinalis
749 1422 859 1476 sanctae
912 1412 1065 1472 discordie
1078 1415 1145 1469 orte
1155 1409 1259 1478 tuerat,
1275 1427 1307 1468 se
1321 1409 1361 1469 ad
1370 1410 1664 1484 plenumexaminare
1677 1426 1741 1469 non

22 1499 302 1568 Crucis,etabbes
327 1499 552 1560 clarevaltensis
577 1503 747 1562 abeodem
779 1522 860 1581 pape
912 1501 1080 1578 posse,uisi
1094 1504 1219 1572 utraque
1232 1499 1643 1574 persaeperatimaudiretur.
1658 1499 1742 1558 Unde

20 1587 201 1645 transmissi
216 1593 296 1654 sunt,
306 1590 358 1663 qui
373 1590 543 1662 preadictum
549 1592 740 1665 llayualdum
749 1596 860 1652 exemi·
913 1593 1026 1650 iactum
1038 1594 1092 1657 est,
1109 1593 1141 1646 ut
1154 1603 1260 1647 omnes
1270 1587 1496 1662 archicpiscopi,
1508 1587 1642 1663 episcopi
1655 1587 1743 1647 etab-

23 1682 152 1743 narent,
168 1681 197 1735 et
216 1676 302 1749 juxta
314 1692 467 1736 monum
482 1680 666 1740 sanctionem
677 1682 717 1740 ab
729 1683 860 1742 abbatiae
874 1712 899 1771 B
913 1681 999 1738 butes
1023 1695 1060 1736 ex
1072 1681 1222 1752 praecepto
1244 1676 1433 1750 imperatoris
1460 1692 1526 1734 cnm
1555 1682 1651 1751 parte,
1673 1692 1741 1751 quaa

22 1766 178 1838 regimine
192 1770 423 1841 sequestrarent.
436 1766 594 1826 Residente
612 1769 715 1844 ireque
732 1772 860 1846 impere-
913 1769 1008 1826 alecto
1022 1764 1331 1838 meruissetque,
1353 1765 1454 1838 januis
1471 1764 1619 1823 obseratis
1634 1779 1744 1824 conre-

23 1862 93 1914 tore
113 1856 146 1913 in
165 1855 294 1928 capitulo
326 1855 481 1914 Cesinensi
500 1872 569 1914 cum
601 1859 729 1918 universi
747 1860 861 1936 imperii
914 1858 1029 1923 nirent‚·
1043 1853 1211 1930 quoddam
1224 1853 1336 1911 iactum
1347 1853 1461 1924 irasmi,
1477 1853 1679 1937 residentibus
1691 1854 1744 1927 qui

24 1944 238 2015 magnatibus,
251 1944 432 2003 consedente
445 1946 681 2019 qnoqueibidem
702 1950 861 2022 Peregrino
915 1946 955 2005 ad
965 1942 1365 2003 discutiendamelectionem
1371 1946 1583 2010 marcuerant,
1596 1949 1681 2000 Anno
1691 1943 1740 1981 ⁸¹⁰¹

25 2032 860 2112 patriarcbaaquilegensicumlrcbieptscopisepisaopis,
914 2034 1074 2109 episcopus
1099 2032 1270 2090 basiliensis
1281 2031 1374 2089 dixit:
1408 2051 1424 2085 s
1436 2031 1466 2089 Si
1480 2032 1554 2105 quid
1566 2036 1671 2091 contra
1686 2030 1743 2089 ele·

25 2119 204 2191 abbatibus,
223 2125 252 2177 et
274 2121 488 2191 cardinalibus,
507 2123 661 2196 iusserunt
671 2125 798 2185 dcetum
817 2129 861 2184 in·
914 2128 996 2182 dum
1013 2121 1155 2180 abbatem
1166 2119 1742 2190 bebetis,raticnabiliteretncntumul-

26 2209 129 2281 gredi,
144 2207 328 2282 proterentes
340 2210 489 2269 adversus
504 2228 575 2270 cunr
597 2213 699 2281 multe,
719 2215 861 2274 rebellem
914 2217 1001 2271 tuose
1024 2210 1163 2284 protento.
1190 2230 1202 2262 s
1225 2208 1365 2267 Nonnulli
1379 2223 1451 2266 vero
1473 2223 1510 2265 ex
1524 2208 1666 2266 tratribus
1678 2224 1742 2266 sur·

27 2298 862 2374 etadrersariumimperiiprcciamentas,etascismaticis
914 2307 1029 2377 gentes,
1038 2301 1070 2358 in
1084 2299 1194 2366 medio,
1208 2298 1336 2357 eundem
1349 2298 1476 2356 eiectum
1491 2314 1632 2357 acoruare
1643 2314 1742 2374 crepe·

27 2386 207 2445 ordinatum
220 2387 364 2445 dimona.
379 2389 596 2464 Tuncquidam
609 2392 784 2451 inmedinm
799 2410 862 2452 sne
914 2396 995 2459 runt,
1009 2390 1143 2448 dicentm
1167 2388 1251 2463 quod
1284 2403 1340 2462 pro
1360 2403 1417 2445 sus
1441 2387 1585 2448 electione
1599 2403 1742 2447 munuae

27 2491 104 2548 gens
110 2476 687 2555 anteimperatoremcoepitdicere,quia
700 2486 861 2556 postquam
914 2478 1029 2551 begua,
1042 2492 1187 2539 menese
1206 2492 1310 2545 manu,
1333 2492 1442 2534 munus
1453 2477 1494 2535 sb
1507 2476 1654 2552 obsequio
1669 2493 1740 2551 pro·

28 2580 99 2623 cum
115 2565 242 2622 ilenrico
256 2565 332 2622 duce
345 2565 556 2637 Baioaricrum
580 2569 772 2629 concordiem
783 2570 861 2644 tecit,
915 2567 1058 2635 misisset,
1072 2571 1101 2623 et
1115 2563 1676 2625 convenientiatestimonisncnerant.
1691 2566 1743 2624 liis

28 2653 292 2728 hostispontiticie
312 2655 542 2729 ctimperatoris
567 2659 715 2732 apparuit.
743 2661 863 2718 Contra·
916 2655 958 2715 ita
981 2654 1206 2725 altercantibus,
1224 2652 1578 2712 Pandullusrestararius
1595 2670 1744 2725 exurgens

29 2742 149 2800 dicente
174 2759 244 2800 vero
269 2744 424 2816 lisynaldo
450 2749 480 2802 et
500 2747 590 2804 sociis
611 2748 686 2819 eius,
700 2747 864 2823 imperator
916 2746 948 2803 in
963 2744 1064 2802 medio
1086 2743 1156 2801 dixit
1178 2760 1225 2800 :a
1240 2743 1315 2800 Cum
1329 2741 1422 2800 multa
1444 2743 1635 2817 sint,quniu
1650 2744 1744 2802 electo

30 2832 177 2906 praecepit
186 2836 342 2905 utramque
356 2834 657 2908 partemdecapitulo
668 2838 864 2912 egredique·
916 2834 1050 2909 prolerre
1060 2846 1332 2906 possemus,unum
1342 2835 1444 2889 umen
1455 2836 1500 2889 est
1512 2831 1593 2905 qnod
1604 2833 1636 2889 in
1649 2847 1686 2891 eo
1700 2833 1745 2890 in·

30 2920 115 2979 tinus
128 2920 374 2993 compatriarcha
383 2926 412 2978 et
426 2923 631 2981 cardinalibus
645 2925 753 2983 exinde
762 2930 864 2985 consi·
917 2921 1107 2981 toleramum
1120 2936 1186 2978 esse
1197 2919 1438 2987 ridetur‚scilioet
1449 2919 1531 2993 quod
1547 2923 1662 2979 aPetro
1681 2920 1743 2981 illio

32 3009 108 3068 bum
124 3014 264 3067 sumeret.
276 3008 391 3076 nubes
405 3010 616 3085 residentibus,
624 3014 800 3088 Peregrinus
810 3034 864 3091 pa·
918 3008 1293 3080 Patribecnisordinatus,
1302 3012 1331 3068 et
1344 3008 1653 3084 valdeindignumest,
1669 3016 1701 3071 ut
1712 3011 1744 3070 in

33 3098 166 3157 triarche
175 3102 204 3156 et
214 3098 391 3171 aymericus
403 3100 597 3159 canoetlsrius
611 3103 759 3173 dixerunt,
779 3105 862 3163 illum
917 3106 1002 3160 tante
1023 3100 1159 3166 ecclesia,
1182 3114 1252 3174 qun
1270 3104 1360 3172 caput
1373 3105 1401 3156 et
1426 3104 1522 3157 mater
1544 3104 1588 3157 est
1608 3101 1744 3162 omnium

33 3192 122 3245 tanto
134 3186 200 3245 loco
213 3202 340 3260 praesse
356 3204 550 3264 nequaqnam
565 3206 653 3264 posse
668 3209 676 3249 r
690 3193 731 3251 cb
754 3194 863 3253 mutim
917 3190 1179 3254 monasteriorum,
1195 3187 1291 3246 abbas
1305 3186 1511 3248 subdiaconus
1519 3188 1678 3257 habeatur,
1691 3191 1744 3264 qui

33 3277 271 3344 sodiceteausas,
284 3277 357 3351 quia
370 3295 390 3336 a
400 3277 461 3335 illio
472 3279 863 3342 Petribeonissubdiaconus
916 3294 973 3338 nec
987 3280 1148 3338 missarum
1174 3276 1354 3350 sollempnia
1378 3275 1539 3348 celebrare,
1554 3293 1609 3336 neo
1622 3279 1744 3340 reniam

35 3365 256 3431 tectusiuiseet,
270 3370 300 3423 et
328 3370 552 3425 sacramentnm
574 3371 637 3442 regi
652 3371 863 3446 ttogerioproe·
917 3364 1485 3444 possitconierredelictorum.sndqute
1493 3366 1744 3438 lauimustttlot

34 3452 390 3529 buisset,tumveroquod
399 3461 504 3514 contra
517 3472 668 3517 moenum
680 3466 863 3535 preceptum
917 3459 1079 3532 episcopus
1088 3455 1180 3514 rerba
1191 3454 1364 3529 respondit:
1377 3475 1392 3510 a
1407 3456 1482 3514 cnm
1494 3455 1589 3515 multa
1598 3457 1745 3532 sinuque

34 3543 287 3602 excommunicati
311 3543 486 3603 electionem
505 3546 601 3604 tacere
614 3563 674 3606 non
687 3550 862 3622 potuissent.
917 3549 966 3609 isti
988 3548 1094 3605 batres
1114 3545 1146 3604 in
1176 3560 1266 3603 suum
1280 3544 1408 3604 electum
1422 3545 1517 3603 verbs
1529 3545 1660 3605 dixerint
1667 3547 1747 3606 unde

34 3631 204 3701 Postremo,
223 3632 307 3707 quod
331 3640 436 3692 contra
454 3635 652 3695 ecclesiastice
675 3637 811 3698 institute
825 3639 863 3698 de
918 3637 1025 3711 deponi
1034 3634 1196 3705 debuisset,
1207 3635 1264 3692 boc
1278 3649 1374 3693 unum
1384 3634 1615 3709 tamenadejua
1631 3637 1748 3709 eiectio·

36 3719 225 3779 subdiacono
239 3721 367 3780 eborum
390 3721 539 3790 iecissent,
554 3725 738 3799 proterentes
751 3729 865 3801 capitu·
918 3725 1051 3785 nemm‘
1065 3722 1219 3780 sufficiens
1230 3736 1294 3779 esse
1306 3721 1433 3789 ridetur,
1446 3723 1519 3796 quis
1532 3723 1661 3782 Domino
1675 3729 1748 3783 teste

36 3810 100 3868 lum
125 3810 248 3882 Eugeuii
258 3828 345 3886 papae
357 3813 495 3886 (interita
506 3815 664 3872 scribentis
680 3832 686 3873 :
703 3838 718 3867 α
734 3816 866 3877 Abbates
919 3814 1160 3876 tundamentum,
1174 3811 1258 3884 quod
1272 3825 1363 3883 super
1385 3825 1509 3868 arenam
1524 3815 1581 3876 est,
1596 3817 1673 3870 stare
1686 3828 1749 3874 non

37 3912 90 3970 per
113 3900 297 3958 mansuaria
311 3900 384 3958 tales
399 3900 547 3974 eligantur
568 3909 596 3961 et
618 3904 866 3981 ordinentur,qni
920 3907 1028 3979 potest.
1040 3898 1120 3958 Unde
1136 3899 1182 3956 bis
1208 3914 1277 3972 quse
1302 3899 1342 3956 ad
1360 3899 1424 3956 baso
1439 3898 1627 3958 discutienda
1641 3916 1750 3960 conve

38 3985 153 4046 levitico
177 3988 225 4045 rel
253 3988 432 4049 acerdotali
449 3991 564 4050 honore
588 3993 648 4050 sint
660 3993 784 4067 praediti,
800 4015 816 4045 »
839 4001 868 4053 et
919 3990 1007 4050 nistis
1032 3988 1361 4063 siplacet,creterorum
1376 3988 1466 4046 rerba
1484 3994 1676 4062 seponentes,
1690 3990 1749 4049 hoe

39 4082 156 4135 cetera
183 4079 232 4135 Set
254 4094 324 4136 cum
345 4079 411 4151 jam
436 4079 481 4137 sol
502 4080 542 4138 ad
571 4096 714 4140 oceasum
739 4098 867 4157 vergens
920 4076 1749 4152 nnumsotumteneamus.»cumdumreliqnsptsouissst

40 4173 160 4224 noctem
172 4166 340 4238 interimet,
355 4167 537 4243 imperatore
554 4170 678 4242 iubente
693 4176 740 4230 est
753 4172 868 4232 solutus
919 4165 1748 4243 jusseruntlorssiratrasseceders,Rsynaldunsquecum

42 4259 217 4312 conventus.
920 4256 1096 4333 hisquisibi
1112 4254 1264 4322 latebant,
1279 4254 1316 4312 de
1342 4255 1473 4329 hisquae
1488 4255 1749 4329 sibicbjeotatue·

77 4345 140 4402 ltd.
160 4345 227 4403 Alia
237 4361 309 4403 vero
332 4345 388 4418 die,
409 4346 588 4419 imperatore
608 4348 640 4405 in
661 4349 789 4424 capitulo
800 4351 869 4408 resi·
921 4353 988 4406 rant
996 4347 1036 4406 ad
1049 4362 1081 4403 se
1094 4344 1427 4404 excusandumintrere.
1436 4346 1571 4418 Cumque
1584 4345 1615 4402 in
1629 4345 1686 4403 boc
1694 4345 1750 4405 diu

42 4430 132 4491 dente
154 4449 223 4492 cum
241 4434 369 4509 prelatis
383 4439 413 4493 et
424 4435 620 4509 magnatibus
634 4436 719 4510 (Sept.
737 4440 793 4510 td),
809 4439 868 4497 ele·
884 4430 908 4490 D
921 4441 1074 4496 moratum
1084 4434 1197 4500 luisset,
1204 4434 1555 4508 imperatorprospiciens
1563 4434 1655 4493 tinem
1664 4436 1749 4495 inuis

44 4524 107 4579 ctus
121 4537 249 4596 surgens
262 4525 294 4581 in
304 4524 415 4593 medio,
426 4524 464 4582 de
477 4524 632 4583 rebuesibi
644 4526 869 4586 incontrarinm
922 4525 1130 4590 minimefleri,
1145 4523 1299 4584 mandarit
1315 4525 1364 4582 his
1383 4524 1436 4598 qui
1461 4524 1502 4582 ad
1516 4524 1702 4583 audiendum
1721 4530 1751 4585 et

43 4613 136 4669 versis
150 4612 379 4670 velletconierra
399 4629 570 4671 sermonem
586 4633 593 4674 :
609 4615 746 4674 nonnulli
760 4633 796 4675 ex
812 4617 869 4675 tra·
922 4614 1139 4675 discutiendum
1168 4619 1380 4683 convenerant,
1413 4614 1557 4689 quatinus
1579 4615 1644 4687 jam
1669 4614 1750 4674 dicto

45 4702 148 4768 tribus,
163 4705 324 4775 antequam
339 4701 542 4770 verbatiniret
557 4711 714 4775 surgentes
726 4707 867 4773 inmedio,
922 4706 1016 4764 electo
1030 4702 1201 4769 euaderent,
1211 4706 1245 4759 ut
1258 4702 1286 4759 in
1298 4708 1443 4776 potestate
1457 4705 1752 4778 papnlnnocentital

44 4793 173 4849 eundem
186 4792 260 4848 sicut
274 4797 303 4849 et
313 4792 557 4866 priuscoeperunt
569 4807 722 4860 accusare,
735 4794 869 4854 dicem
922 4793 1017 4867 ipsius
1034 4791 1223 4866 imperatoris
1237 4795 1328 4864 atqm
1353 4792 1491 4850 omnium
1505 4794 1685 4866 optimatum
1694 4794 1750 4852 llo·

44 4881 126 4953 qnod
139 4881 204 4953 eius
223 4879 329 4939 electio
345 4880 486 4939 seditiose
500 4884 530 4938 et
543 4897 605 4940 non
620 4883 764 4940 canonice
791 4884 870 4942 tacta
924 4882 1006 4941 mani
1019 4880 1133 4954 imperii
1144 4896 1176 4936 ee
1191 4885 1324 4954 poneret,
1337 4884 1370 4938 ut
1392 4881 1534 4955 quicquid
1546 4882 1581 4939 de
1601 4882 1659 4940 boc
1670 4882 1750 4955 judi·

46 4966 159 5027 luisset.
182 4969 227 5027 iiii
239 4974 341 5028 autern
359 4971 412 5043 qui
439 4985 476 5028 ex
489 4973 574 5042 parte
597 4971 762 5045 supradicti
786 4971 872 5042 electi
925 4973 1037 5038 carent,
1050 4969 1186 5042 ipsesine
1199 4967 1303 5042 aliqua
1326 4970 1558 5028 contradictione
1577 4969 1750 5044 perticeret3

46 5062 140 5125 arent,
158 5073 211 5117 eos
234 5058 384 5116 mandacii
408 5062 439 5118 et
463 5057 602 5118 tabitstis
616 5059 798 5134 redarguere
813 5077 871 5119 coc·
926 5057 1145 5120 contradicente
1169 5061 1198 5118 et
1211 5057 1308 5119 modis
1329 5058 1471 5119 omnibus
1493 5058 1637 5120 renitsute
1657 5059 1751 5123 electo

725 5182 845 5242 VARIAE
862 5181 1067 5242 tentonus,

82 5306 132 5346 ⁸²⁰⁸
144 5306 308 5382 immoque
319 5322 382 5367 non
392 5305 520 5378 terebat,
535 5314 568 5367 ut
581 5309 815 5384 wamacatiour
824 5312 921 5382 patet.
937 5303 986 5347 ⁴⁷⁰¹
1008 5310 1119 5369 rectius
1132 5307 1289 5410 adelbero.
1303 5311 1354 5351 ⁸²⁰¹
1363 5310 1539 5375 deotionem
1558 5328 1586 5374 c.

821 5507 823 5512 ¹
841 5433 956 5493 soen.

95 5528 462 5617 {attempero-tlt..
550 5599 557 5615 .
1012 5599 1019 5614 ,
1597 5569 1684 5627 .„...-;

95 5603 164 5664 toto
186 5603 625 5685 u.ttsretbergensnest1nter
637 5604 728 5665 estes
740 5597 889 5682 prrrrlegd
899 5597 1031 5664 Lotbml
1043 5600 1094 5668 111.
1364 5698 1368 5704 Ι
1691 5611 1696 5630 ’
