3884 6050
188 186 237 246 191
745 184 905 247 nonuhrr
922 181 1076 243 senens
1094 184 1125 242 S.
1145 185 1329 247 TRUDONIS
1836 189 1892 248 ¹02

189 312 227 370 de
242 311 697 386 Engelmuntbore(l00).snpra
715 311 865 371 Hosellarn
876 309 1011 368 ecclesia
1024 309 1049 366 Α
1063 308 1158 368 multo
1174 316 1275 370 autem
1285 313 1372 385 plura
1386 311 1606 371 inliallesrilla.
1615 313 1891 389 Nsmintereaquss

187 401 224 459 de
238 402 354 459 Pumirs
364 406 394 459 at
406 401 582 459 aeoelceiade
598 401 739 460 Bredalet
752 402 845 460 vinear
857 406 886 460 st
899 399 1012 459 allodia
1064 398 1475 476 pertinantadtiuabecbcym
1484 406 1513 459 et
1527 401 1625 474 Baias,
1641 402 1717 459 inter
1725 418 1851 475 campos
1861 407 1892 462 et

187 506 254 564 quse
269 490 300 547 in
314 489 389 562 ipsis
404 490 481 547 villis
494 491 651 563 habemus,
668 496 777 565 etquis
789 488 1010 548 serri'nntiniti·
1066 485 1157 545 silvas
1171 489 1287 548 alatilia
1300 490 1520 564 palustriaeunt
1535 490 1623 563 plura
1634 506 1703 565 qum
1719 490 1893 549 alienantur

186 580 420 652 nerapraposito
440 579 520 637 eunti
535 580 615 646 illuc,
645 581 725 639 unde
744 579 881 637 veniebat
905 579 1011 636 vinum
1064 575 1356 653 abaecclesiaquam
1371 579 1746 638 mansito.1nuruetsmia
1762 594 1891 636 censum

184 666 405 739 quoddahatur
416 665 1010 739 iratribus.lnterritorichndeguerpsnsi
1065 669 1160 722 lotum
1174 667 1227 741 qui
1239 667 1408 741 pertinebat
1425 668 1465 726 ad
1483 667 1680 742 praebendam
1695 667 1832 725 fratrum.
1848 667 1891 724 Dc

183 754 270 826 iuxta
285 755 412 813 bischele
426 755 531 814 villam
542 756 695 830 predium,
713 756 796 832 quod
820 756 954 814 solvebat
972 755 1008 791 ’π
1066 754 1170 812 Stadss
1184 755 1279 814 muita
1293 756 1594 830 parabaneliciataet
1609 756 1641 813 in
1664 756 1828 829 Kircheym
1850 756 1891 814 de

185 842 1010 919 singulisannisttsolidosAndeguarpensiemonetula
1064 841 1190 901 cultura.

186 945 266 1006 pago
279 932 465 1004 quivocatur
479 933 543 1001 liin,
567 949 630 991 non
644 932 734 1004 longe
758 933 800 992 ab
816 933 1009 1006 andeguerp,
1090 937 1126 1007 .⁹·
1143 933 1219 999 Quid
1231 932 1340 1008 loquar
1353 933 1390 992 de
1413 933 1549 1001 decimis,
1576 950 1646 991 oum
1670 949 1756 1007 paene
1782 949 1891 991 omnes

186 1018 269 1077 aliud
280 1020 586 1093 prediumsolvens15
598 1022 852 1095 solidosejusdsnr
868 1026 1008 1079 monetas.
1064 1021 1184 1079 eiutaut
1195 1022 1449 1097 addampnoenm
1457 1022 1891 1097 pactumdatar,antndinutile

220 1111 246 1165 8.
263 1108 688 1183 Didicimusquoqueanostrie
698 1110 1008 1185 antiquioribns‚oum
1063 1109 1245 1169 beneficium
1261 1112 1379 1169 famulis
1393 1112 1582 1186 quibusdam
1592 1127 1647 1186 pro
1663 1111 1762 1170 fabrili
1782 1128 1890 1185 opera·

186 1197 1010 1271 peceatopulcntiaetreligionsmeclesianostrailora·
1063 1198 1329 1258 uocetumrorum
1338 1207 1492 1274 pratorum
1501 1200 1671 1258 vaeueeima
1680 1199 1890 1273 possessioad·

184 1289 239 1353 rat,
253 1287 338 1359 quod
353 1286 423 1345 Elte
434 1288 511 1361 (tor)
527 1287 599 1345 villa
617 1303 729 1359 magna
739 1293 767 1345 et
795 1287 929 1346 ecclesia
943 1287 1010 1358 sius
1064 1286 1200 1347 breviata
1213 1292 1260 1345 est
1271 1289 1359 1346 nobis
1374 1289 1490 1346 modico
1504 1288 1616 1346 relicto.
1641 1288 1781 1345 Prndium
1802 1290 1891 1360 juxta

184 1379 288 1432 nostra
302 1375 414 1442 tineent,
428 1391 496 1445 quae
510 1391 571 1434 non
597 1376 686 1450 longa
709 1394 729 1435 a
752 1377 887 1450 'trajecto
915 1390 1010 1448 snpra
1025 1415 1048 1472 B
1063 1374 1203 1446 bischele,
1215 1377 1299 1451 quod
1310 1376 1448 1435 solvebat
1458 1381 1494 1434 25
1506 1376 1618 1435 solidos
1626 1378 1890 1450 andeguerpensis

184 1464 295 1521 hosam
308 1463 405 1535 posita
420 1467 474 1520 est.
499 1465 622 1522 Fructus
636 1480 708 1523 vero
718 1465 822 1524 altaris
840 1464 880 1521 sd
911 1461 1010 1537 sepul·
1062 1465 1486 1533 monetae,renditumtuitsine
1501 1466 1603 1540 aliqua
1621 1466 1846 1540 recuperatione
1860 1470 1890 1524 et

184 1551 289 1608 chrum
314 1552 396 1610 beati
420 1552 568 1611 'trudonis
597 1569 651 1628 par
678 1553 775 1612 multa
796 1558 1009 1627 temporatan·
1063 1553 1178 1628 absque
1191 1553 1251 1612 ulla
1265 1554 1641 1632 commutationellludde
1655 1554 1795 1615 llasesele
1809 1561 1891 1612 tene-

184 1645 233 1698 tue
248 1647 312 1699 erat
325 1648 355 1701 et
368 1643 544 1709 cotidianus,
568 1644 649 1717 quod
669 1644 693 1701 ai
712 1644 804 1703 nichil
815 1651 894 1701 esset
914 1642 1007 1709 ahud,
1062 1645 1110 1699 tur
1123 1642 1286 1716 aquodam
1301 1648 1441 1717 tyranno,
1457 1643 1510 1701 ssd
1524 1643 1582 1701 sub
1594 1643 1790 1717 recuperandi
1805 1643 1889 1702 bona

185 1729 266 1788 eolus
278 1730 616 1805 sufficerepossettotiue
629 1731 1009 1793 {ecclesianecassitatibus
1062 1746 1125 1804 spe.
1142 1731 1292 1790 Silvarum
1305 1733 1519 1805 extirpatarum
1532 1732 1665 1804 lugenda
1675 1732 1811 1807 dampna
1824 1748 1887 1790 non

184 1820 250 1886 Qua
266 1819 392 1879 fiducia·
405 1827 638 1896 presumptuosa
649 1822 796 1881 abbatum
809 1821 959 1880 temeritas
980 1824 1009 1878 et
1062 1819 1217 1893 superabit
1227 1819 1358 1894 amplius
1367 1821 1623 1880 ecclesianoetra.
1636 1823 1712 1880 Nam
1721 1826 1753 1879 ut
1768 1828 1887 1880 mosam

183 1909 340 1967 temeraria
349 1911 536 1983 presumptio
546 1910 642 1969 multa
652 1911 780 1970 detraxit
788 1911 826 1969 ds
837 1909 1008 1969 substantia
1061 1908 1099 1965 de
1115 1908 1203 1966 Paltm
1215 1912 1242 1966 et
1257 1909 1393 1969 Guimala
1406 1918 1435 1967 et
1447 1910 1485 1968 de
1510 1910 1719 1985 Gnebecbeym
1732 1915 1761 1968 et
1788 1910 1884 1981 flaba,

183 1997 612 2070 tratrumbenefloiarrdo,ctde
622 1998 1007 2074 custodiaquioquidperti·
1061 1996 1269 2056 ubirarissime
1280 2000 1442 2057 ethumiles
1457 2000 1557 2057 adbuc
1571 1999 1886 2073 superessevidsntur‚

183 2087 322 2145 nebatad
337 2089 511 2146 monasterii
524 2088 628 2147 lumen
652 2094 681 2146 et
694 2089 856 2146 edificium.
867 2087 1007 2146 Similiter
1060 2086 1301 2158 ueruguetgeect
1324 2089 1448 2146 liecerin
1466 2095 1495 2146 et
1509 2088 1618 2146 Stades
1641 2087 1828 2146 densissima
1856 2093 1887 2147 et

183 2191 307 2233 censum
321 2182 350 2232 et
362 2176 512 2249 predium,
519 2177 600 2251 quod
608 2193 663 2250 pro
669 2176 818 2234 defunctis
825 2174 1007 2234 dabaturrel
1059 2190 1240 2247 magnarum
1254 2177 1399 2235 arborum
1423 2178 1506 2236 silva
1520 2177 1722 2237 habebantur.
1745 2178 1886 2237 Similiter

182 2263 287 2321 datum
301 2269 365 2321 erat
379 2266 417 2322 ad
431 2264 1006 2338 elemosynamtratrum,beneflciebant
1060 2264 1140 2323 liade
1155 2270 1183 2322 et
1193 2265 1276 2334 Lare,
1291 2267 1461 2340 liircbeym,
1487 2268 1585 2340 Burlo,
1605 2267 1713 2342 Villeyr
1729 2268 1811 2339 (iot),
1847 2284 1885 2325 er

182 2352 292 2411 euisad
304 2352 499 2421 libitumouo
509 2358 643 2427 tempore
657 2354 822 2412 elemosina
835 2369 1005 2427 pauperum
1059 2352 1170 2426 quibus
1185 2353 1602 2427 supradictiesilvisadcurtes
1611 2354 1884 2413 earumveniehant

182 2440 226 2499 ita
240 2442 423 2499 annichilata
435 2442 575 2516 tuit,quid
590 2443 630 2501 ad
642 2459 712 2502 eam
722 2442 910 2517 pertinuisset
922 2441 1005 2516 quod
1058 2441 1285 2513 clausuratttt)
1298 2441 1488 2510 sufficienter,
1497 2448 1527 2501 at
1537 2443 1577 2503 ad
1593 2442 1739 2501 tahrieem
1752 2442 1885 2501 edificio·

182 2544 239 2590 neo
251 2531 280 2587 in
297 2530 445 2589 memoria
457 2530 644 2590 relictnmeit.
656 2532 711 2590 Sed
728 2531 1006 2607 etinpraepositura
1059 2545 1127 2587 rum
1142 2535 1203 2588 tam
1217 2533 1391 2590 monasterii
1410 2548 1504 2606 qrram
1532 2532 1663 2604 claustri,
1690 2541 1719 2590 st
1743 2533 1773 2589 in
1802 2532 1882 2591 villis

182 2618 1003 2695 detestebrantoctocappellaspernegligentiamabba·
1020 2657 1041 2715 c
1060 2618 1285 2677 dominicalium
1310 2621 1448 2678 materies
1463 2628 1492 2679 st
1519 2621 1559 2679 ad
1582 2637 1688 2679 eorum
1715 2622 1883 2694 reparatio·

183 2712 247 2767 tum
261 2706 508 2766 ecclesianoetra
526 2709 748 2783 perdiditque
763 2709 933 2767 serviebant
947 2708 1004 2766 lra-
1059 2723 1122 2765 nae.
1136 2711 1177 2766 lix
1192 2708 1236 2765 eia
1247 2708 1455 2767 nichilominus
1480 2710 1620 2768 veniebat
1647 2710 1772 2783 porcina
1798 2726 1881 2779 caro,

183 2802 263 2855 hum
291 2797 457 2871 stipendiis.
484 2797 729 2855 accrescentibus
748 2814 818 2854 vero
844 2796 928 2854 realis
951 2812 1005 2870 per
1058 2812 1126 2869 qum
1140 2797 1171 2853 in
1185 2804 1305 2855 asrael
1319 2798 1465 2869 sagimine
1479 2798 1561 2856 celiae
1579 2798 1699 2857 abbatis
1731 2805 1760 2857 et
1780 2797 1883 2872 hospi·

179 2885 1004 2959 contentioneeabbatumelinquietudiuesmcnachorum
1059 2886 1138 2943 tibus
1153 2887 1296 2944 etdcmni
1315 2887 1505 2945 infirmorum
1531 2897 1560 2945 et
1582 2887 1736 2946 cellerario
1757 2887 1881 2945 abunde

180 2975 274 3033 mults
286 2974 615 3048 deprehendatratrum
625 2991 678 3049 per
688 2975 902 3048 negligentiam
914 2975 1004 3048 depe·
1058 2973 1224 3034 sufficiebat
1236 2976 1266 3033 in
1280 2992 1372 3036 anno.
1383 2979 1455 3046 Qun
1476 2977 1532 3035 ista
1559 2978 1663 3036 omnia
1688 2993 1760 3035 cnm
1789 2976 1882 3049 gratis

178 3064 302 3132 aierunt,
313 3064 406 3122 multa
420 3065 450 3122 in
463 3063 617 3122 beneflciis
632 3065 705 3123 data
721 3068 800 3132 eunt,
817 3064 911 3122 multa
921 3080 940 3121 a
951 3064 1004 3122 ril-
1057 3064 1219 3137 aliquando
1231 3065 1423 3133 haberentur,
1443 3066 1568 3125 denario
1582 3067 1674 3125 modo
1684 3066 1881 3140 acquiruntur

177 3152 241 3212 licis
254 3159 399 3228 usurpata
412 3153 851 3227 permondacium.1)uobnsm
867 3152 1002 3210 miliariis
1056 3158 1108 3211 aut
1118 3168 1266 3211 caremus.
1281 3154 1415 3212 Vidimus
1434 3153 1598 3228 aliqnando
1612 3160 1726 3213 tantum
1741 3155 1771 3211 in
1797 3169 1880 3212 anno

177 3257 239 3300 non
254 3243 344 3314 longe
359 3258 378 3299 a
392 3242 484 3299 ltettia
496 3241 566 3298 vilia
586 3247 631 3299 est
646 3257 716 3315 quse
742 3242 852 3300 dicitur
871 3244 999 3314 Fcncay,
1056 3242 1283 3315 supercrevisse,
1298 3243 1379 3317 quod
1392 3242 1560 3316 plaustrum
1575 3244 1722 3301 scalatum
1734 3247 1880 3301 onustum

176 3333 263 3405 enjus
276 3330 412 3389 aecclesia
429 3336 533 3388 nostra
545 3336 609 3389 erat
623 3347 634 3400 ς
648 3345 686 3388 ea
705 3330 843 3389 videlieet
865 3330 1001 3388 aeclesia
1056 3332 1139 3390 siccis
1149 3331 1292 3390 carnibus
1307 3332 1485 3406 aquisgrani
1499 3333 1539 3390 ad
1550 3332 1666 3391 curiam
1686 3331 1877 3406 imperatoris

178 3419 285 3477 invasa
300 3419 393 3477 tuitet
420 3425 534 3477 retenta
549 3435 568 3475 a
581 3418 715 3490 domino,
731 3419 817 3492 ouius
839 3423 903 3476 erat
928 3418 1001 3477 villa
1056 3422 1137 3479 misit
1146 3422 1288 3496 episcopo
1299 3422 1417 3479 betensi
1431 3422 1612 3481 adelberoni
1624 3422 1720 3481 abbas
1736 3420 1881 3479 Rodulius

175 3514 308 3582 tempora
322 3508 520 3566 dissensionis
534 3508 573 3565 de
587 3513 691 3566 nostra
700 3509 833 3567 abbatia.
861 3509 1001 3566 Similiter
1054 3511 1083 3567 in
1094 3515 1285 3582 pentecosten
1295 3510 1581 3569 diebusi'eniebant
1593 3511 1683 3568 etiam
1697 3509 1780 3580 ligna
1791 3524 1880 3566 com·

175 3597 282 3656 eodem
297 3603 430 3671 tempore
442 3613 512 3669 pars
522 3597 652 3656 multum
661 3598 814 3656 fructuosa
826 3599 864 3655 de
878 3598 1000 3655 sesninc
1055 3599 1291 3671 burendagratis
1300 3601 1518 3659 etsntfleienter
1530 3600 1570 3658 ad
1590 3598 1708 3657 abbatis
1718 3597 1879 3661 callam‚ad

177 3685 362 3744 villanostra
376 3687 604 3746 adhnotenetnr
621 3687 737 3753 invasa,
753 3687 857 3761 halley
876 3687 914 3744 de
941 3687 1000 3744 tra·
1055 3686 1360 3762 fratrumooquinam,
1373 3688 1564 3761 adbospites,
1587 3687 1626 3744 ad
1638 3687 1808 3760 pistrinum,
1838 3684 1881 3741 nd

174 3782 253 3835 trum
268 3775 424 3850 quondam
433 3776 589 3849 prebenda
602 3775 788 3834 inbeneficio
803 3774 858 3833 tuit
871 3777 951 3834 data.
967 3777 1000 3834 ln
1053 3776 1228 3842 bracenam,
1253 3777 1292 3835 ad
1319 3777 1451 3835 lautores
1474 3775 1609 3840 fratrum,
1648 3791 1714 3849 qua
1750 3773 1881 3846 graviter

176 3866 289 3938 oppido
304 3865 499 3938 noetrcplura
509 3865 684 3922 tenenturin
694 3864 1000 3931 beneficio,domuscl
1014 3899 1040 3957 D
1055 3864 1147 3922 modo
1160 3881 1337 3937 comparare
1350 3870 1468 3939 oportet
1493 3880 1531 3923 ex
1546 3865 1593 3922 his
1604 3880 1673 3939 quae
1695 3855 1880 3921 manducare

175 3953 302 4019 curtilia,
319 3969 425 4010 census
441 3953 536 4011 atalia
550 3951 676 4018 servilia,
691 3952 998 4028 quambabeathodie
1053 3958 1105 4010 aut
1119 3953 1222 4011 bibere
1236 3954 1391 4012 debemus.
1420 3954 1605 4012 Nutriments
1618 3954 1709 4010 etiam
1732 3966 1879 4024 pecorum

173 4042 343 4115 prepositus
362 4041 392 4098 in
408 4057 583 4111 mannsna;
599 4056 667 4115 quae
681 4040 786 4099 omnia
798 4041 923 4099 tratrum
936 4042 998 4099 tue·
1052 4048 1138 4100 erant
1149 4058 1204 4117 per
1215 4042 1406 4101 dominicalia
1429 4044 1460 4099 in
1474 4043 1563 4109 villis,
1589 4058 1660 4116 quie
1674 4043 1703 4098 in
1734 4040 1878 4097 carnibus

173 4129 421 4204 rnntprebcnda.
440 4131 497 4188 Sed
512 4135 605 4203 etper
625 4129 701 4187 aliae
716 4134 856 4187 curtsset
883 4129 911 4186 in
941 4131 998 4189 ists
1052 4130 1320 4188 etcaseismultam
1335 4130 1581 4188 commoditatem
1595 4129 1790 4188 conterebant
1811 4143 1879 4202 pra·

172 4233 295 4292 quoqne
309 4217 524 4276 nichilominus
537 4218 791 4276 culturniratrum
807 4222 878 4274 sunt
891 4218 998 4275 decur-
1052 4218 1156 4292 positis
1165 4224 1194 4276 et
1207 4219 1320 4286 abbati,
1328 4235 1397 4293 quse
1413 4219 1504 4277 modo
1516 4218 1628 4277 habere
1644 4234 1706 4276 non
1724 4217 1791 4275 licet
1810 4234 1880 4292 pro-

174 4312 241 4366 tatn
256 4308 329 4381 (itti
344 4311 373 4364 et
387 4307 581 4378 beneficiata,
590 4313 619 4364 et
629 4307 803 4364 molendina
814 4307 885 4365 data
900 4308 931 4364 in
947 4307 998 4365 be·
1051 4313 1117 4381 pter
1125 4308 1292 4365 villicorum
1307 4306 1512 4365 fraudulentas
1522 4306 1731 4364 distractiones
1745 4312 1774 4364 et
1785 4306 1878 4363 adro·

173 4396 281 4455 nsflcio
295 4402 346 4454 ant
360 4396 533 4470 dampnosa
545 4396 719 4455 hereditate.
736 4398 776 4454 ile
789 4396 900 4455 allodio
915 4397 998 4470 quod
1051 4400 1187 4453 catorum
1194 4395 1336 4453 dotentas
1342 4397 1578 4468 pernoctationes
1584 4396 1815 4469 predonumque
1821 4394 1878 4452 ire·

173 4486 383 4559 pertinebatad
398 4484 868 4558 curtamGnebechsquuadam
882 4500 954 4557 pars
965 4487 996 4543 iu
1050 4489 1177 4557 quantes
1191 4484 1380 4556 irruptiones.

175 4572 319 4630 mncfloio
333 4578 379 4631 est
391 4573 616 4645 dats,quadam
630 4572 734 4646 ampla
745 4572 867 4630 valdeet
876 4574 998 4646 longas
1090 4578 1129 4631 to.
1147 4574 1281 4631 Preterea
1290 4571 1460 4646 dampnum
1473 4573 1585 4644 grande
1596 4577 1625 4631 et
1643 4571 1876 4646 irrecuperabile

173 4660 480 4717 circummanentibus
488 4660 588 4718 liberis
597 4661 705 4717 invasa
715 4665 744 4717 et
753 4660 854 4718 adhue
868 4667 995 4727 tenetur,
1051 4661 1088 4698 ‘⁷'
1102 4660 1224 4718 increvit
1232 4661 1294 4717 istie
1307 4660 1414 4718 diebus
1427 4660 1580 4719 aecclesias.
1592 4664 1667 4718 liam
1681 4660 1874 4732 rambrectus

172 4749 214 4808 ita
231 4763 286 4822 pro
307 4747 522 4807 advocatorum
543 4747 825 4822 negligentiamque
849 4750 994 4822 pertidia;
1050 4765 1120 4822 qua
1127 4747 1877 4825 multumimminutaesthcdiepropteroppressio

857 4870 975 4929 VARIAE
987 4873 1074 4932 1.th
1075 4869 1186 4929 lONES.

204 4997 239 5036 ”¹
256 4995 405 5056 serviebat
413 4994 456 5052 tt.
471 4994 510 5034 ⁸²⁸
520 5008 590 5068 pam
601 4998 769 5068 sequestres·
781 5009 871 5067 nepus
884 4995 927 5054 ad
944 4995 1115 5070 monentes
1133 4979 1317 5070 irruptiones
1332 4996 1437 5054 desunt
1450 4995 1484 5053 u.
1500 4996 1539 5034 ⁸¹¹
1552 4996 1748 5071 msparabile
1764 4998 1805 5054 ι’.

964 5119 1078 5178 ΝΟΤΕ.

172 5239 286 5375 atim)
302 5241 507 5314 Engsleboven
523 5242 556 5301 in
581 5242 731 5301 vicinitate
763 5241 863 5301 Sancd
882 5241 994 5300 'trudo
1050 5241 1159 5371 affl
1172 5240 1527 5370 {limaniusnominis
1541 5244 1639 5318 plures
1652 5249 1771 5304 exstant
1792 5243 1870 5303 ribos

220 5388 270 5446 ter
299 5384 384 5444 Elssn
398 5384 445 5443 vel
460 5384 557 5445 itlsloo
569 5383 600 5445 in
612 5385 796 5461 ripadsrtra
807 5387 905 5444 bosa.
1084 5384 1162 5457 (tet)
1178 5385 1281 5459 sepes.

224 5458 278 5518 saa
303 5454 487 5516 imminutas.
