3884 6050
109 134 164 191 tte
484 134 597 192 GESTA
610 136 693 194 ΑΗΒ.
709 132 867 193 Tuunort.
885 163 923 180 ·-·
938 132 1009 193 ΗΒ.
1027 139 1070 195 lx.
1088 166 1125 184 -
1142 136 1377 198 communito
1397 140 1418 194 l.
1762 129 1816 189 lid

108 257 202 330 hujus
217 255 319 315 allodii
334 257 498 330 proanima
509 261 688 318 matrissuae
703 260 972 333 lurratadopusn
991 276 1046 334 per
1069 262 1287 333 longitudinem
1316 265 1441 320 enatans
1456 258 1519 316 sine
1537 256 1674 316 molestia
1696 255 1787 315 exivit
1804 274 1814 327 ;

107 345 236 404 benum
251 344 363 417 quibus
377 346 501 404 dederat
516 348 628 405 bonum
643 350 716 406 illud
729 349 845 406 intrans
857 363 937 407 resa·
991 347 1099 406 deinde
1107 350 1190 423 quod
1197 355 1351 422 superarat
1359 347 1515 405 divisionis
1528 345 1625 403 tamin
1640 349 1816 418 terraquam

108 434 201 493 eiavit
213 434 301 505 (tii).
326 436 372 491 Sic
395 434 526 501 veritate,
549 437 676 509 judicio,
691 437 806 510 legibus
819 437 859 494 de
878 436 937 494 boo
990 436 1021 495 in
1040 452 1120 510 aqua
1131 453 1200 494 uum
1214 437 1322 495 nostris
1333 436 1465 511 perfecit.
1482 434 1678 491 Adversarius
1693 447 1815 506 quoque

108 522 192 579 bono
198 528 301 579 actum
308 528 361 579 est.
378 524 540 580 lloceolnm
551 524 936 599 adbucimpedtebat,quod
990 539 1079 581 auam
1093 525 1161 583 iecit
1173 526 1452 599 partem,denostra
1466 523 1687 592 suaattrahens‚
1697 527 1814 594 partem

107 609 204 667 bomo
220 607 258 666 dc
269 607 395 667 fortibus
409 606 642 669 lovaniensium
659 612 888 686 provadioiiiud
903 628 937 670 ee
989 612 1077 668 nobis
1093 613 1219 671 liberam
1233 614 1416 688 relinquens.
1426 611 1566 669 Finiridie
1580 610 1697 666 ilianon
1709 607 1812 681 potuit.

107 696 223 755 babere
237 696 371 765 dicebat;
383 698 827 771 quamlitemneedumiinitam
836 700 937 759 introi·
989 700 1140 759 eiiadies
1162 703 1261 776 posita
1279 706 1334 770 est,
1354 709 1387 757 ut
1400 699 1485 756 liberi
1508 699 1662 755 veritatem
1683 697 1815 753 dicerent

109 784 222 842 vimus.
990 789 1260 848 circummanentes
1271 789 1416 861 ;corrupti
1434 787 1615 853 muneribus,
1634 792 1666 841 ut
1680 786 1763 843 lama
1774 783 1814 839 ic·

141 877 188 930 ³2.
205 872 461 932 Gnaiterushomo
472 873 935 949 liberdecastelloliaccunguez,
989 876 1084 944 rebat,
1103 879 1255 935 veritatem
1277 894 1310 934 se
1324 877 1437 934 nescire
1453 875 1567 932 mentiti
1581 879 1659 931 sunt.
1686 876 1743 930 Nec
1770 872 1814 927 sic

107 961 282 1019 stimulatus
296 960 376 1018 mala
390 961 552 1035 cupiditate
567 968 596 1021 et
609 964 723 1021 illectus
733 964 828 1038 predii
842 965 936 1024 nostri
989 963 1167 1036 delatigatus
1180 966 1280 1039 quievi
1294 963 1517 1031 :adversarium
1527 964 1634 1019 iterum
1644 961 1684 1018 ad
1698 960 1814 1017 curiam

106 1051 272 1124 adiacentis
291 1066 347 1107 suo
365 1051 486 1109 castello
500 1053 662 1110 commoda
676 1053 847 1121 amenitate,
866 1069 936 1110 cum
989 1055 1167 1127 aquisgrani
1182 1060 1251 1110 ante
1266 1051 1542 1126 imperatoremieci
1555 1048 1665 1107 vocari.
1678 1047 1733 1106 Ubi
1743 1061 1813 1103 cum

105 1140 230 1211 propter
241 1135 937 1211 aecoleeiesnostraesupradictamdesolationem
990 1141 1117 1198 multum
1139 1142 1195 1198 sibi
1210 1142 1334 1206 timeret,
1348 1139 1415 1197 tecit
1439 1155 1487 1197 me
1502 1136 1681 1210 interpellari
1696 1150 1749 1208 per
1762 1133 1815 1190 ho·

106 1240 166 1282 non
189 1225 354 1282 haberetur
366 1224 420 1299 qui
433 1226 460 1282 ei
475 1224 641 1294 obsisteret,
657 1229 747 1300 coepit
759 1233 862 1286 nostra
879 1221 936 1285 eibi
990 1233 1090 1285 nestas
1110 1229 1488 1300 viros,tamlibarosqnam
1499 1241 1610 1289 servos,
1627 1222 1813 1296 promittens,

107 1313 280 1385 adjacentia
291 1314 440 1370 attrahere
453 1313 515 1370 suis
529 1313 632 1370 usibus
647 1315 732 1387 quasi
744 1318 875 1388 propria.
890 1315 936 1373 lti-
989 1317 1161 1389 quiatotum
1176 1317 1320 1375 allodium
1342 1316 1416 1373 sicut
1427 1313 1747 1388 preambulaveramus
1759 1323 1815 1365 rec·

106 1405 177 1457 cunt
190 1400 405 1468 nostrirnstici,
419 1400 499 1474 quod
511 1400 589 1457 inter
597 1401 704 1459 silvam
712 1406 742 1459 et
751 1408 861 1461 terram
871 1417 941 1460 are-
989 1404 1086 1461 elesiee
1100 1409 1335 1477 recognosceret,
1359 1403 1385 1460 si
1407 1402 1564 1458 dimidium
1589 1400 1710 1456 daretur
1735 1396 1761 1453 ei
1783 1395 1815 1454 in

106 1489 181 1546 riam
196 1490 257 1546 sint
267 1504 305 1545 ex
314 1488 356 1545 eis
370 1489 498 1562 quaetio
507 1491 606 1547 mansi
611 1509 620 1563 ;
634 1489 935 1564 dicuntetiam,quod
989 1491 1119 1559 feodum,
1135 1492 1338 1566 exqunlromo
1352 1490 1468 1547 abbatis
1480 1489 1559 1546 etsui
1568 1486 1693 1545 heredes
1700 1485 1814 1549 tierent,

106 1576 222 1634 domini
228 1577 268 1633 de
274 1577 375 1635 Distbe
383 1592 451 1634 cum
461 1578 625 1652 aliquando
635 1594 671 1636 ee
683 1578 824 1636 invadere
830 1579 934 1636 voluis·
951 1608 971 1665 q
989 1584 1017 1635 et
1028 1580 1185 1637 dimidium
1199 1579 1337 1637 aecclesia
1349 1579 1522 1635 absolutum
1536 1577 1688 1649 reciperet.
1703 1572 1816 1630 Placuit

107 1670 181 1730 sent,
196 1670 286 1737 pater
303 1664 393 1737 hujus
408 1665 738 1738 Guaiterijurejnrando
752 1666 934 1738 coramlegi·
990 1667 1091 1735 micbi,
1108 1668 1202 1725 immo
1213 1666 1301 1724 vaide
1315 1666 1435 1740 placuit.
1451 1664 1509 1722 Sed
1523 1668 1627 1721 uonna
1641 1661 1812 1719 bocnostris

107 1750 180 1808 timo
205 1751 358 1809 advocato
370 1757 473 1809 nostro
486 1753 594 1811 comite
623 1755 727 1811 ottone
747 1753 933 1822 obtinuisset,
988 1754 1265 1827 temciericisquam
1279 1753 1363 1810 iaicis
1373 1752 1560 1821 pertinaciter
1569 1748 1812 1815 reclamantibus,

106 1838 188 1913 quod
210 1845 317 1897 nostra
330 1845 438 1906 essent,
453 1856 584 1913 cumque
608 1841 845 1914 superboeosure
867 1856 934 1915 pro·
988 1842 1162 1914 etquesdam
1178 1838 1813 1914 indignainadversariuruetinmequoque

106 1927 224 1999 prietati
234 1928 416 1995 attraxisset,
427 1928 525 1998 maior
531 1926 696 1985 advocatus
710 1928 934 2001 nosterlieynri·
987 1928 1206 2001 proterentibus
1221 1929 1311 1986 tristis
1325 1934 1353 1986 et
1366 1943 1484 1985 merens
1502 1929 1624 1984 coactus
1637 1941 1704 1981 sum
1719 1923 1757 1981 ab
1769 1924 1812 1980 eie

107 2029 161 2070 cas
170 2014 209 2071 de
224 2015 386 2085 lemburg,
395 2014 556 2071 mandatus
566 2015 665 2071 ameie
671 2015 935 2087 predecessoribus
988 2031 1050 2074 non
1062 2016 1171 2088 iacere,
1183 2018 1268 2092 quod
1280 2017 1421 2090 amplius,
1434 2015 1510 2073 sicut
1534 2013 1735 2088 predicebam,
1750 2027 1813 2069 non

103 2100 173 2158 iiluc
182 2102 236 2158 ivit
250 2105 282 2158 et
303 2101 420 2175 legibus
433 2102 493 2173 jnri
508 2101 649 2158 aecclesiae
670 2109 777 2159 nostres
799 2102 932 2160 restituit.
987 2107 1069 2178 potui
1079 2121 1266 2177 recuperare.
1278 2105 1497 2175 Venimueergo
1509 2108 1579 2161 ante
1588 2103 1810 2175 imperaturam.

104 2189 158 2245 Sed
174 2205 276 2264 neque
291 2189 334 2246 sic
355 2205 463 2246 avarus
478 2190 601 2247 invasor
612 2190 734 2263 quievit.
749 2192 875 2247 ventum
890 2196 936 2247 cst
987 2192 1156 2250 advocatus
1165 2209 1251 2251 meus
1260 2208 1350 2249 suum
1358 2192 1461 2250 statuit
1470 2187 1814 2265 prolocutoremadver·

103 2276 276 2350 adtempns
299 2282 434 2335 nostrum
449 2283 477 2333 et
491 2277 695 2349 possidentem
713 2282 817 2335 nostra
831 2277 934 2337 inveni
988 2280 1084 2337 sarius
1099 2296 1199 2338 suum.
1220 2279 1264 2337 itt>
1279 2285 1499 2354 utraqueparte
1525 2276 1740 2335 estdictumet
1754 2273 1812 2331 sub

103 2381 184 2423 enm.
198 2366 335 2423 clamavi
348 2365 502 2422 advocatis
525 2365 644 2429 nostris,
669 2364 738 2421 duci
759 2381 890 2439 qnoque,
904 2370 934 2425 et
984 2367 1098 2439 iudicio
1109 2369 1253 2440 positum,
1261 2368 1469 2441 judiciumque
1484 2381 1578 2439 usque
1588 2365 1627 2422 ad
1641 2365 1812 2437 proximam

102 2452 377 2522 nullusexaudivit,
393 2452 522 2527 pecunia
533 2452 933 2519 auresobturati.0nidiaoe·
986 2456 1101 2513 curiam
1113 2456 1252 2514 dilatum.
1272 2457 1392 2514 interim
1406 2470 1534 2526 regnum
1550 2453 1664 2511 turbari
1678 2457 1707 2510 et
1717 2451 1813 2525 impe·

102 2559 164 2600 rem
175 2542 242 2601 tau
252 2543 465 2614 imperatorem
479 2541 670 2614 lleynricnm,
685 2540 781 2599 fllium
796 2542 933 2615 lieynrini
986 2549 1067 2600 rator
1087 2543 1234 2616 impediri,
1249 2544 1346 2602 donec
1371 2545 1402 2600 in
1429 2542 1544 2600 italiam
1564 2539 1699 2599 transivit
1722 2540 1810 2612 (aut,

102 2632 154 2704 qui
176 2630 273 2689 Lesdii
295 2630 378 2699 obiit,
394 2645 442 2686 me
456 2629 567 2686 contuli
585 2647 593 2698 ;
614 2645 708 2686 causa
734 2645 802 2687 mea
816 2630 930 2697 audita,
985 2645 1092 2705 resque
1116 2637 1218 2690 nostra
1245 2648 1342 2705 usque
1361 2630 1452 2688 hodie
1471 2629 1514 2687 sia
1536 2627 1680 2685 remansit
1702 2625 1810 2684 indiffi-

100 2718 270 2777 reinvestiri
284 2716 933 2791 meprediisreoclesireperducemlovanien-
985 2718 1059 2775 nita.

101 2805 930 2864 semaodenidumatadrocetumnostrumaldebertum
1020 2810 1065 2865 3³.
1085 2809 1162 2864 Pena
1190 2805 1385 2881 preterieram
1417 2803 1499 2878 quod
1525 2803 1574 2860 bio
1598 2806 1667 2860 ante
1695 2801 1808 2860 dixisse

101 2894 180 2952 lecit.
196 2900 312 2951 Avarus
339 2894 462 2951 invasor
475 2892 651 2950 clamitabat
677 2893 848 2950 violentiam
875 2894 930 2951 sibi
985 2892 1161 2953 debueram.
1178 2894 1275 2952 ltedia
1293 2892 1522 2951 occidentalium
1540 2889 1629 2948 turris
1650 2894 1754 2947 nostra
1767 2890 1808 2947 ab

99 2981 176 3040 lieri.
188 2982 366 3040 naxitanum
377 2980 741 3040 lovaniensissecundum
750 2982 930 3042 mandatum
986 2988 1112 3057 utroque
1127 2980 1219 3041 latere
1235 2982 1370 3041 habeti·¹
1396 2996 1500 3048 unam,
1515 2978 1619 3037 eodem
1634 2992 1721 3035 muro
1749 2976 1807 3036 sibi

99 3072 294 3144 imperatoris
307 3070 388 3128 diem
407 3071 517 3143 posuit,
544 3075 576 3127 ut
596 3075 733 3142 presente
756 3070 930 3129 adversario
984 3077 1185 3145 compactam,
1201 3086 1315 3144 perque
1336 3070 1523 3142 singularum
1541 3065 1657 3125 cocleas
1670 3067 1747 3138 (345)
1768 3065 1809 3123 ad

99 3161 234 3232 preirent
248 3159 387 3215 homines
397 3159 491 3215 nostri
504 3158 717 3215 etdlvisionem
729 3163 841 3215 rectam
854 3159 930 3216 lace
983 3160 1151 3234 primumet
1162 3158 1330 3217 secundum
1341 3163 1371 3215 et
1382 3157 1503 3216 tertium
1513 3160 1625 3213 statum
1637 3153 1810 3212 ascenditur

99 3252 167 3305 rent
181 3246 279 3303 nostri
292 3251 320 3303 et
334 3246 415 3302 iliius
429 3245 534 3318 predii.
560 3249 684 3303 Ventum
699 3252 744 3303 est
770 3247 808 3303 ed
823 3245 903 3304 diem
919 3264 926 3316 ;
983 3264 1080 3322 usque
1088 3247 1129 3304 ad
1142 3262 1305 3319 campanae
1316 3244 1439 3315 ;deinde
1445 3244 1545 3302 medie
1557 3241 1808 3299 relictabumiiiue

98 3334 185 3392 alluit
206 3333 280 3399 dux,
297 3331 450 3402 affuimm,
465 3332 551 3391 affuit
574 3337 605 3390 et
618 3334 787 3406 (inaltatus,
801 3339 830 3392 et
857 3349 927 3392 cum
982 3335 1136 3392 altioribus
1148 3329 1808 3407 seproripiuntcacuminibus‚habetquepro·

97 3422 199 3480 multis
211 3421 314 3478 liberis
327 3421 451 3491 mandis
462 3421 613 3495 utrimque
624 3422 928 3495 populus.Perambu·
981 3423 1080 3496 priam
1089 3437 1369 3496 unaquoqucsuum
1376 3420 1564 3477 tectumlstre
1574 3423 1694 3492 propter
1703 3430 1808 3490 supre-

97 3509 926 3585 laveruntnostridivisionemlactentesallodii,cumque
980 3510 1078 3568 dictas
1090 3510 1186 3567 varias
1205 3508 1345 3566 ecclesia
1371 3512 1480 3565 nostrae
1494 3506 1694 3564 desolationes
1712 3503 1805 3575 longo

96 3599 134 3655 ed
146 3613 263 3671 aquam
278 3597 384 3653 vivarii
394 3596 534 3670 (tiitsnb
552 3596 813 3669 castellojacentie
827 3598 925 3655 venis·
982 3597 1317 3671 temporedisooopertaa
1327 3594 1700 3669 propserantputridreqne
1713 3597 1805 3650 tectu·

98 3692 175 3752 sent,
189 3700 284 3759 qnam
297 3684 346 3741 ille
361 3689 564 3754 stagnaverat,
579 3691 609 3742 et
624 3700 677 3757 per
700 3700 793 3758 quam
810 3690 925 3758 partem
980 3703 1030 3752 rae,
1042 3692 1071 3742 et
1083 3683 1214 3742 trabium
1226 3689 1430 3757 comnptarum
1442 3683 1573 3756 periculo
1587 3680 1805 3754 dampnosissi-

98 3775 200 3832 aitodli
218 3772 924 3841 nostriocculuerat‚dixeruntnostriserectam,
980 3789 1063 3832 mam
1074 3773 1193 3830 ruinam
1222 3772 1351 3829 maxime
1364 3785 1582 3844 campanarum
1599 3769 1803 3826 minabantur.

98 3861 391 3935 perambulationem
397 3877 458 3918 non
472 3860 682 3934 permiscere,
695 3860 927 3933 nisipriusaqua
980 3863 1134 3920 Parsenim
1145 3859 1354 3932 plumbearum
1360 3858 1529 3916 tabularum
1535 3856 1625 3915 abbis
1635 3855 1688 3929 qui
1698 3855 1804 3913 turrim

99 3951 293 4014 emitteretur,
309 3948 366 4005 sub
389 3954 553 4022 querceta
577 3948 683 4005 divisio
707 3949 924 4006 occultabatur.
980 3947 1347 4021 custodierantaiiqnando
1359 3946 1637 4004 ateamhabuerant
1649 3945 1805 4017 propresi-

98 4038 297 4094 tdversarius
317 4036 375 4093 hoc
390 4050 427 4093 ne
439 4035 523 4092 tieret
536 4036 719 4092 omnimodis
733 4035 927 4091 renitebatur.
942 4005 965 4060 ⁰
981 4038 1039 4104 dio,
1053 4036 1153 4093 furtim
1163 4035 1279 4092 sublata
1290 4040 1361 4102 erat,
1376 4049 1446 4107 pars
1460 4038 1617 4092 ventorum
1630 4031 1722 4090 flante
1743 4037 1805 4089 tur·

99 4129 267 4183 Tuncunus
281 4124 458 4181 rusticorum
467 4128 633 4192 notrorum,
643 4123 690 4179 cui
701 4122 807 4180 meiius
820 4122 928 4180 divisio
981 4126 1051 4181 bine
1063 4126 1093 4180 in
1100 4129 1275 4195 perpetuam
1283 4121 1706 4196 perditionemavuisaiucrat.
1715 4122 1805 4178 Totas

100 4221 170 4271 nom
184 4213 291 4278 luerat,
308 4212 492 4270 seomnibus
517 4212 699 4268 vestimentis
712 4212 774 4268 suis
793 4212 883 4278 exuit,
900 4216 929 4268 et
983 4213 1073 4284 igitur
1084 4228 1121 4269 ex
1132 4212 1247 4281 integro
1262 4217 1332 4266 etex
1344 4225 1421 4268 novo
1434 4210 1490 4267 leci
1504 4208 1692 4280 recooperiri,
1707 4210 1737 4263 et
1749 4207 1806 4265 sub

100 4302 193 4374 rigata
206 4298 928 4372 cibicruceaureasuperdorsuminterscapulas,
984 4299 1128 4365 trabibus,
1148 4314 1216 4372 quar
1243 4313 1409 4371 campanas
1436 4297 1590 4362 sustinent,
1605 4301 1807 4353 transversam

100 4405 166 4461 quar
183 4394 253 4444 ante
268 4402 391 4460 presens
411 4387 453 4444 ibi
465 4387 606 4444 feretrum
618 4387 712 4443 sancti
724 4386 872 4444 ‘irudonis
885 4386 928 4445 le·
982 4389 1072 4447 aliam
1079 4387 1193 4444 trabem
1202 4386 1272 4460 poni
1278 4385 1648 4459 capitibusparibusmuro
1657 4385 1806 4458 utrimque

100 4476 376 4541 rebatur,invoeato
387 4475 510 4531 nomine
525 4474 641 4531 ltomini
657 4480 685 4530 et
699 4474 930 4547 veritateipsiue
976 4476 1079 4534 infixis
1100 4478 1151 4542 ;et
1164 4474 1221 4529 sub
1235 4474 1338 4530 eadem
1355 4473 1436 4529 trade
1460 4472 1547 4546 posui
1569 4473 1602 4513 ¹¹¹
1630 4471 1805 4529 columnam

101 4561 928 4635 octoedvisionis,sanctumqueattactamoreobtestatru
978 4563 1171 4621 fortissimam
1196 4557 1337 4633 ligneam,
1359 4562 1556 4618 sustinentem
1578 4576 1647 4618 eam
1665 4564 1695 4617 et
1708 4574 1806 4634 appo·

100 4652 281 4721 trudonem,
296 4649 325 4707 in
338 4651 436 4724 ipsum
461 4650 607 4707 vivarium
623 4650 701 4707 saltn
726 4665 758 4705 se
770 4649 879 4720 injecit,
895 4655 924 4709 et
977 4633 1107 4708 'dientem
1132 4665 1164 4707 se
1177 4648 1484 4723 supersan'acentem
1511 4647 1553 4706 illi
1567 4647 1657 4706 ιιΙίιιιι
1676 4649 1805 4720 unbem,

245 4818 252 4830 θ
365 4818 371 4830 ·
598 4817 605 4830 .
785 4748 902 4806 VARIAE
918 4749 1119 4810 tacueras.

131 4818 428 4878 ¹'‘turrrmoddttl'.
466 4818 660 4894 ΜιιοιιιιΗ.
686 4818 722 4875 l'.
980 4881 985 4888 ‚

890 4907 1006 4966 NOTAE.

136 5005 214 5079 (tlt)
233 5003 341 5063 Gallice
370 5002 495 5062 nadair
527 5005 558 5062 in
591 5005 813 5079 possessionem
845 5005 927 5063 resti·
981 5007 1012 5064 in
1034 5004 1150 5063 italiam
1174 5003 1347 5072 concillo,
1369 5001 1479 5059 iactam
1497 5001 1600 5075 itaque
1613 5004 1752 5060 canente
1776 5005 1809 5060 nt

102 5078 192 5133 tuere.
982 5074 1107 5133 videbar
1115 5089 1196 5133 anno
1207 5072 1371 5150 til5,qund
1386 5073 1630 5145 probaturetiam
1640 5087 1733 5146 regno
1748 5078 1809 5131 tur·

145 5148 212 5217 eta)
230 5144 339 5203 Gallice
350 5145 455 5211 viciam
474 5144 588 5205 Wcilter
982 5147 1051 5205 bato
1068 5145 1106 5202 de
1119 5145 1252 5218 loquitur
1266 5150 1380 5202 auctor.

123 5147 212 5347 kil)
231 5217 306 5273 (inm
319 5215 487 5273 tietnricum
500 5219 709 5290 imperatorem
719 5216 858 5300 appellet,
865 5215 930 5274 sine
1019 5216 1094 5299 (titt)
1113 5216 1239 5298 cochlea
1257 5221 1300 5272 est
1314 5215 1372 5298 alta
1383 5218 1411 5271 et
1432 5213 1563 5273 rotunda
1586 5214 1677 5274 turris
1702 5214 1734 5272 in
1746 5229 1806 5291 que

103 5287 122 5345 d
172 5288 269 5347 obsec
278 5292 363 5361 gesta
372 5293 443 5345 sunt
454 5294 522 5347 ante
535 5288 701 5346 secuudum
711 5287 930 5360 expeditionem
983 5291 1205 5361 percucnrtum
1218 5285 1397 5345 ascenditur.
