3884 6050
43 244 129 339 itai·
550 242 1093 335 ιιιιιιιιιιιιιιιιιιιιιιι
1112 256 1234 331 ciam
1678 231 1760 332 iias

1676 358 1679 365 ι

345 403 459 463 CAPUT
481 403 566 462 xxix.
885 396 1237 467 ,tiit‘iliamDeadrentuz
1248 389 1758 484 sermonasDallatiritstsDominig

352 507 387 548 ιι
400 507 559 549 arnsoicro.
923 492 965 548 De
978 487 1146 564 Epiphania
1156 504 1164 556 ;
1175 491 1215 545 De
1223 486 1451 559 CmnaDomini;
1461 488 1502 544 De
1510 489 1754 562 septuagesima

76 587 139 656 (ιθ)
149 583 326 642 Benedictus
351 582 443 655 quiet
458 581 637 647 Gusiierius,
653 581 869 649 salernitanus,
926 582 966 638 De
973 578 1068 637 ramis
1077 577 1244 634 Palmsrum
1255 592 1263 644 ;
1273 575 1450 634 Passionem
1459 577 1555 633 sancti
1564 576 1643 634 Lucii
1655 592 1753 651 papas.

42 677 199 732 sanctitate
216 678 245 729 et
259 671 399 744 religione
411 670 602 742 conspicuus,
625 670 728 728 suavis
751 669 871 744 eloquio
926 668 1037 727 Claruit
1058 670 1161 724 antem
1176 665 1363 740 temporibus
1375 665 1469 723 Alexii
1488 670 1518 723 st
1531 666 1646 724 lieni-ici
1660 667 1754 742 impe·

41 764 165 833 ingenio
179 776 320 831 magnus,
348 774 486 817 sermone
500 757 659 818 tacendus.
689 760 808 833 Scripsit
832 757 873 816 ad
927 763 1062 816 retorem
1074 771 1111 814 sc
1122 754 1265 813 Desiderii
1279 753 1410 813 abbatis.

41 852 206 924 Troianum
226 850 402 923 episcopum
417 848 512 905 Vitam
534 848 630 904 sancti
658 847 828 913 Secundini,
843 850 874 905 et
1242 843 1355 901 CAPUT
1367 844 1442 901 xliii.

43 947 168 1000 cantum
179 938 244 1011 ejus
255 954 263 1006 ;
276 953 378 995 versus
388 936 418 992 iii
432 936 553 994 laudem
579 934 728 994 Psalterii:
760 936 802 993 De
820 922 891 992 mi?
1269 949 1302 989 or
1316 947 1413 989 irone.

44 1027 151 1086 raoulo
162 1027 242 1084 illius
256 1025 309 1099 qui
324 1042 357 1082 se
372 1025 472 1099 ipsum
482 1024 599 1091 occidit,
619 1027 648 1081 et
673 1041 726 1097 per
751 1024 874 1083 beatum
965 1023 1024 1097 (30)
1039 1020 1250 1081 [ισθιῐίιιιιὶι
1262 1020 1422 1094 episcopus
1435 1026 1463 1078 et
1476 1019 1722 1080 bibliothecarius
1737 1038 1773 1091 a,

43 1117 189 1177 iacobum
197 1117 264 1173 vitre
274 1114 405 1172 redditus
415 1118 468 1181 est:
476 1116 515 1170 De
528 1114 722 1171 conversione
731 1129 875 1188 quorum·
928 1111 1057 1187 pueritia
1070 1111 1100 1167 in
1111 1110 1220 1168 Casino
1234 1108 1363 1176 oblatus,
1372 1111 1757 1183 muctitate‚etmonsstiois
1770 1180 1773 1185 ⁵

45 1207 119 1264 dani
132 1203 385 1262 Salernitanorum
396 1218 404 1270 ;
416 1201 457 1258 De
469 1201 558 1258 laude
572 1201 668 1258 sancti
680 1201 795 1259 ltartini
810 1218 818 1270 ;
843 1202 875 1259 in
928 1198 1096 1274 disciplinis
1106 1199 1145 1256 sd
1159 1196 1282 1272 plenum
1292 1196 1756 1275 imbutus,stindivinisScriptu-

44 1294 169 1355 laudem
183 1291 279 1350 sancti
299 1288 444 1362 Secundi;
462 1292 596 1364 iiyninos
620 1289 656 1348 de
676 1289 804 1357 eodem;
822 1290 876 1349 ho-
928 1290 971 1350 ris
986 1286 1278 1364 apprimeeruditus.
1294 1285 1372 1345 Fecit
1386 1287 1756 1361 sermonesdsPsschs‚de

83 1463 140 1536 (29)
157 1462 182 1520 0
201 1459 301 1518 nacula
328 1476 397 1517 mss.
425 1457 564 1516 Gusiierii
585 1475 633 1515 seu
649 1458 786 1531 Gauierii,
809 1460 875 1517 cha·
928 1470 1054 1532 ιιιιιιο,
1081 1464 1160 1538 qnod
1198 1462 1358 1520 chronicon
1398 1462 1553 1522 Casinense
1584 1466 1755 1538 apelletur,

44 1539 159 1593 ractere
195 1531 429 1616 apgobsrdieoin
442 1529 542 1613 priscis
564 1531 738 1613 menbrsnis
756 1535 876 1588 excreta
929 1538 1017 1596 inisse
1027 1538 1063 1593 ab
1074 1534 1250 1608 integritatis
1272 1551 1332 1592 sura
1358 1535 1524 1592 deturbatae
1542 1483 1646 1609 grqu,
1675 1540 1755 1595 meii-

43 1607 191 1664 habentur
215 1621 245 1660 iu
272 1603 446 1659 bibliothece
470 1602 621 1684 Casinum
647 1603 700 1658 sub
715 1618 796 1658 num.
810 1601 873 1668 280,
929 1610 1030 1681 disque
1053 1607 1173 1674 obsitas,
1200 1605 1284 1662 iscile
1307 1622 1478 1679 cognoscere
1503 1623 1554 1679 per
1585 1625 1616 1664 se
1640 1611 1756 1668 sedulus

44 1679 103 1735 hoc
112 1677 196 1733 titolo
212 1672 542 1748 proesignststiiauierii
554 1673 689 1730 monachi
712 1672 874 1730 casinensis
928 1680 1020 1737 lector
1051 1677 1167 1735 valebit.
1191 1676 1327 1734 Accidere
1352 1678 1429 1733 enim
1452 1694 1526 1750 sape
1553 1679 1694 1747 ridemus,
1724 1685 1774 1737 et

45 1748 232 1830 homiliate
246 1746 376 1830 Adventu
390 1744 505 1801 Domini
520 1742 627 1827 ‘incipit
645 1761 651 1801 :
670 1745 757 1801 Verba
781 1744 876 1828 Soneti
891 1771 915 1830 Β
928 1767 1035 1824 magno
1046 1747 1209 1822 reipublicae
1217 1747 1364 1804 litteraris
1379 1748 1563 1805 incommodo
1581 1750 1754 1823 experimur,

44 1820 202 1892 Eneapetir.
218 1819 250 1875 ln
265 1818 420 1874 Natiritsts
444 1816 569 1871 Domini.
586 1816 628 1871 lia
638 1816 720 1871 Patre
748 1816 874 1886 Maiores·
929 1829 957 1880 ui
975 1822 1050 1878 inter
1067 1820 1293 1893 imprimendum
1308 1821 1442 1891 quiedam
1457 1819 1500 1876 rel
1513 1821 1695 1883 omittantur.
1711 1822 1756 1878 rel

44 1894 93 1950 tie.
107 1892 138 1947 ln
151 1889 320 1963 Epiphania.
332 1888 498 1960 sempiterni
516 1886 638 1969 pastoris.
664 1888 694 1943 lii
712 1888 876 1969 'Septusge-
929 1895 1080 1958 addantur,
1096 1889 1141 1949 rel
1162 1890 1192 1946 iri
1215 1891 1298 1973 peius
1321 1896 1479 1958 mutentur,
1502 1892 1685 1948 librariorum
1711 1892 1776 1949 vel·
1822 1938 1824 1942 .

45 1964 135 2020 sima.
148 1963 202 2018 Per
215 1959 374 2034 porciolam
386 1958 567 2041 mndsemrcs.
589 1959 621 2013 lu
644 1974 735 2013 ramis
763 1958 876 2015 Palma·
929 1964 1051 2031 incuria,
1067 1961 1110 2019 rel
1129 1960 1452 2028 audacia,re1malitis,
1476 1966 1505 2018 et
1532 1963 1623 2020 animi
1645 1979 1757 2036 perver-

44 2051 125 2091 rum.
159 2032 339 2105 singularem,
364 2037 389 2086 el
410 2029 673 2101 [enormem-111
710 2031 798 2086 Coene
822 2029 877 2086 Do-
929 2037 1030 2093 sitate:
1056 2037 1151 2091 exstat
1175 2048 1262 2105 penes
1287 2031 1339 2087 vir.
1354 2032 1425 2089 clar.
1455 2033 1561 2090 Lucam
1576 2035 1756 2093 holstenium

45 2104 132 2162 mini.
145 2104 191 2160 Ad
202 2103 427 2176 gloriosissimam
441 2099 637 2172 Redemplvrie·
653 2100 752 2156 Pestio
779 2100 876 2158 Sancti
930 2105 1092 2165 Chronieou
1120 2103 1232 2172 Leonis,
1260 2102 1290 2159 iri
1310 2119 1374 2175 ‚quo
1390 2103 1534 2161 variantes
1561 2104 1697 2163 lectiones
1718 2108 1757 2163 sd

47 2176 130 2234 Lucii
146 2191 235 2259 papae.
257 2173 422 2230 Fortissima
434 2176 460 2255 ἦ(
472 2172 608 2254 preclare
623 2172 755 2228 virtulum
774 2173 875 2229 eledia-
930 2179 1018 2235 iidem
1055 2175 1161 2232 lorium
1172 2191 1241 2230 mss.
1255 2175 1463 2246 exemplarium
1476 2177 1757 2250 suamsnuadoram

46 2245 280 2305 flietonsssncti
299 2243 454 2301 Secundini
473 2242 598 2315 episcopi
616 2242 743 2317 Trojaui.
760 2242 878 2300 chono
931 2249 1001 2307 editi
1026 2247 1091 2303 libri
1112 2248 1266 2303 ailuotstas
1296 2246 1429 2302 vidimus.
1458 2247 1498 2303 Tu
1519 2251 1627 2304 tamen·
1640 2249 1757 2306 consule

45 2318 215 2402 dilectionis,
229 2331 318 2389 quam
344 2315 373 2371 iii
397 2313 528 2396 catalogo
554 2316 732 2397 Sanctorum.
754 2315 877 2372 Ferrarii
930 2322 1039 2449 mres
1064 2323 1093 2376 te
1120 2316 1268 2400 sollicitat)
1290 2333 1325 2373 es
1351 2333 1417 2444 guia
1440 2322 1580 2374 notarunt
1605 2319 1757 2376 Matthaeus

46 2393 103 2449 sub
118 2390 195 2447 dieii
214 2388 296 2445 Febr.
311 2386 483 2458 compendio
506 2386 681 2458 descriptam
695 2391 877 2459 etismrepc·
972 2395 1079 2456 urclus,
1096 2389 1136 2446 De
1150 2392 1233 2444 exist.
1259 2404 1338 2460 corp.
1375 2430 1381 2443 .
1410 2388 1557 2446 Benedicti
1575 2389 1605 2445 in
1628 2394 1776 2448 monus.

45 2463 116 2521 ries.
133 2463 169 2518 Se
191 2457 336 2515 uenturis
358 2457 538 2513 eodemcod.
554 2472 607 2512 ms.
632 2456 878 2514 carminaGsuie·
931 2463 1038 2529 casin,
1066 2476 1128 2531 cap.
1154 2460 1201 2526 tt,
1224 2476 1289 2531 pag.
1313 2459 1384 2527 its;
1411 2460 1549 2516 Camillos
1577 2463 1700 2534 Peregr„
1726 2461 1757 2518 in

44 2535 95 2601 rii,
115 2478 256 2589 videiicet.
274 2531 305 2612 lii
318 2526 584 2610 lsudemPsaiterii,
596 2526 717 2611 incipiit
931 2535 1036 2590 illator.
1047 2531 1167 2603 princip.
1180 2530 1360 2603 Langobard.
1376 2529 1407 2586 in
1427 2530 1502 2588 serie
1529 2531 1597 2588 sbb.
1615 2531 1710 2589 Casio.
1727 2533 1757 2589 iii

91 2603 249 2670 Verbosero
264 2607 417 2682 uitaque
426 2598 536 2655 certum
550 2602 734 2681 eiuncescit.
930 2605 1106 2662 Petronace:
1131 2608 1160 2657 et
1184 2607 1253 2657 tunc
1275 2617 1345 2657 sane
1368 2600 1506 2673 proicies,
1531 2602 1758 2660 ineruditorum

44 2679 89 2734 De
104 2674 244 2731 miraculo
259 2673 333 2746 ejus,
346 2688 395 2743 qui
409 2687 440 2726 in
454 2671 587 2742 seipsum
604 2672 716 2726 occidit.
930 2673 1075 2748 symposio
1104 2671 1207 2729 limam
1225 2670 1391 2730 ulteriorem
1419 2672 1509 2730 etism
1532 2690 1589 2730 non
1601 2690 1664 2731 esse
1677 2675 1758 2731 dese·

85 2747 187 2806 iiortis
199 2745 228 2801 in
241 2746 386 2799 immonem
400 2749 424 2797 te
437 2743 529 2797 mersit
542 2741 625 2813 calpa
638 2742 761 2798 ruinani.
929 2746 1114 2819 sperandam.

47 2821 92 2876 De
102 2817 287 2874 conversione
299 2814 493 2886 quorumdam
505 2812 762 2870 Salernitanorum.
965 2814 1262 2874 Animadvertendum
1274 2814 1328 2879 est,
1340 2812 1509 2882 Raronium,
1519 2819 1591 2871 tom.
1605 2816 1628 2872 Χ
1640 2814 1758 2883 innah,

80 2892 140 2947 'Res
155 2903 224 2945 noos
238 2902 340 2958 napus
353 2885 421 2939 sctis
433 2883 599 2956 perhibetur
615 2887 689 2955 [acts
704 2884 822 2941 Salerni.
931 2889 985 2945 sub
1009 2902 1087 2944 anno
1110 2885 1214 2942 Christi
1234 2884 1297 2950 891,
1324 2885 1490 2942 observasse
1514 2887 1592 2942 haud
1616 2892 1692 2945 recta
1727 2887 1758 2943 iii

47 2965 81 3021 ln
98 2959 214 3017 laudeni
229 2956 319 3014 sancti
337 2954 450 3011 Martini
465 2955 599 3029 episcopi.
931 2960 1008 3017 dicto
1022 2958 1127 3016 Chrou.
1140 2956 1312 3013 collocatum
1322 2956 1492 3012 Formosum
1504 2956 1669 3029 pontificem
1681 2975 1757 3015 max.

88 3033 197 3089 Gemina
207 3029 381 3087 insudatum
395 3027 462 3083 voti
475 3028 571 3109 wirte
581 3035 699 3085 tuorum.
932 3036 998 3105 post
1023 3030 1193 3094 Adrisuum,
1219 3033 1287 3085 ante
1309 3029 1497 3099 Stephanum,
1519 3045 1605 3101 quem
1620 3047 1678 3086 non
1691 3047 1761 3102 prsi-

48 3108 81 3163 ln
98 3104 214 3160 laudem
228 3100 321 3158 sancti
338 3097 493 3156 Secundini
506 3098 622 3168 Traiani
632 3099 772 3173 Episcopi.
933 3105 1062 3169 cessisse,
1088 3101 1139 3157 sed
1164 3098 1190 3157 ei
1214 3098 1382 3156 successisse
1407 3099 1671 3172 exploratissimum
1694 3106 1758 3159 est:

89 3174 173 3231 Adsis
189 3179 248 3230 tots
261 3172 404 3243 initialis
417 3169 629 3241 salivadiebet·
934 3173 1038 3232 deinde
1052 3171 1130 3245 quod
1152 3174 1317 3243 patraverat
1342 3170 1523 3243 sacrilegium
1549 3172 1665 3246 Sergius
1685 3190 1722 3244 pa
1743 3188 1761 3230 a

49 3249 75 3304 ii
99 3261 201 3301 muum
215 3244 251 3300 de
261 3243 365 3300 eodem
377 3245 477 3323 sanctp
490 3240 665 3324 Secupdino.
934 3244 1145 3308 schismaticus,
1161 3241 1190 3298 id
1219 3243 1273 3298 Leo
1289 3241 1397 3299 tribuat
1417 3241 1616 3300 laudatissimo
1634 3189 1761 3316 pontilici

50 3264 176 3384 circite,
198 3317 264 3375 Rea
274 3329 380 3385 repam,
396 3317 516 3383 pretium
524 3328 659 3393 praeissentt
823 3384 829 3398 ι
935 3316 1094 3399 Stephano,
1105 3315 1270 3398 etc30uem
1288 3317 1387 3369 tamen
1400 3329 1529 3396 errorem
1543 3331 1578 3372 ex
1603 3316 1761 3386 depravato

89 3391 198 3446 Cuncta
225 3385 349 3458 praelata
368 3381 505 3455 opuscuLs
530 3387 702 3439 etcarmins
724 3389 880 3442 noselism
935 3388 1034 3445 codice
1058 3386 1141 3443 iscile
1165 3400 1313 3456 irrepsisse
1346 3385 1542 3441 arbitramur·
1569 3384 1634 3442 ride
1652 3385 1762 3441 dictum

48 3462 268 3517 manuexsrsta
276 3470 467 3537 accersamus,
483 3453 559 3509 bono
568 3454 680 3526 publico
695 3456 879 3527 proferenda.
935 3460 1090 3517 Lauretum
1116 3456 1145 3513 iii
1172 3456 1284 3512 noted
1304 3455 1353 3512 lib.
1366 3472 1386 3522 i,
1399 3472 1433 3511 ca
1456 3498 1462 3511 .
1478 3456 1513 3512 15
1527 3426 1632 3513 Chion.
1654 3455 1761 3521 Casiri..

86 3530 221 3587 Deobita
250 3526 555 3608 distensuvidequs.
574 3525 738 3583 notavimus
750 3544 837 3610 supra
851 3526 881 3583 iii
935 3531 1019 3589 0le
1047 3528 1130 3586 exist.
1159 3527 1346 3600 corpasncti
1356 3472 1510 3595 Beueiiicti,
1532 3544 1595 3612 cap.
1623 3528 1763 3595 ll,scs·

48 3602 196 3670 Atheneo,
225 3597 342 3656 consule
366 3603 455 3653 etiam
480 3600 611 3652 nostrum
624 3596 740 3653 Petrum
755 3614 786 3654 iri
805 3603 880 3655 auct.
935 3600 1054 3664 lumniis
1064 3597 1269 3656 nonnullorum
1280 3605 1410 3653 nostrum
1423 3597 1547 3655 Leonem
1556 3599 1761 3656 vindicantem.

48 3675 161 3742 Clirou,
189 3670 285 3729 Casiri.
313 3669 363 3725 lib.
393 3683 433 3739 iii,
456 3683 519 3740 cap.
535 3667 567 3724 61
598 3668 668 3725 ιι111.
684 3668 758 3726 Veii.
775 3669 883 3726 Claruit
935 3670 1079 3730 Dsronius
1096 3675 1174 3726 certe
1196 3685 1273 3725 suno
1295 3669 1367 3727 1059
1381 3674 1465 3726 rocst
1485 3670 1621 3737 Leonem,
1641 3670 1763 3743 scripto-

48 3761 132 3804 suno
150 3741 265 3800 Domini
278 3739 359 3796 1060.
511 3795 524 3801 ,,
936 3760 999 3801 ram
1024 3741 1068 3798 sni
1090 3740 1229 3812 temporis
1254 3739 1482 3812 integerrimum,
1514 3745 1544 3796 et
1576 3757 1651 3796 anno
1681 3741 1762 3810 1077,

87 3816 148 3890 (31))
160 3814 216 3871 Leo
230 3811 405 3869 Marsicsnns
418 3808 593 3881 Campanus,
609 3825 726 3882 spuere
743 3808 773 3866 in
784 3813 883 3867 monte
937 3815 1047 3873 sincere
1061 3811 1128 3868 fidei
1141 3810 1318 3883 scriptorem.

49 3887 159 3946 Casino
173 3884 348 3941 monachum
363 3880 466 3950 induit,
481 3879 529 3936 ubi
547 3883 610 3937 tum
627 3883 664 3936 ob
689 3882 754 3937 vitm
782 3881 883 3938 sancti·
973 3884 1040 3940 Vita
1053 3884 1079 3938 S
1093 3881 1245 3946 biennalis,
1260 3897 1310 3937 seu
1334 3882 1446 3937 lienum
1467 3880 1650 3950 contessoris,
1674 3897 1763 3954 quam

48 3956 324 4026 monumentum
353 3950 490 4010 eximiam
516 3951 666 4024 eripienti&
692 3951 883 4010 litteraturam
937 3958 1063 4014 Leonem
1076 3951 1197 4025 imperio
1216 3951 1337 4008 oderisii
1350 3951 1463 4008 shbstis
1475 3952 1622 4027 scripsisse
1643 3957 1766 4010 testator

49 4025 295 4088 celebriserssit:
311 4040 433 4095 cumque
448 4023 578 4097 ejusdem
590 4023 757 4081 monasterii
786 4023 883 4079 biblio·
938 4029 1049 4092 Petrus,
1064 4028 1153 4080 maiis
1167 4026 1294 4088 ιιιιιῑι,
1310 4025 1424 4095 ettypis
1439 4025 1566 4081 nondum
1582 4041 1652 4082 cusa
1678 4041 1765 4098 peries

50 4099 201 4159 theesrius
226 4114 260 4154 sc
284 4096 411 4153 decanus
439 4097 524 4160 esset,
548 4098 698 4167 cooptatus
718 4095 840 4153 estdein
854 4094 884 4150 iii
939 4116 993 4156 nos
1018 4100 1148 4153 servatur
1171 4111 1230 4151 uns
1256 4109 1322 4149 cum
1351 4095 1541 4152 hausistione
1577 4096 1766 4169 reliquiarum

51 4173 223 4246 episcopum
247 4171 276 4225 et
303 4165 481 4223 cardinalem
511 4164 672 4222 Ostiensem
698 4183 716 4223 s
756 4164 885 4222 Paschsli
939 4168 1029 4243 ipsius
1050 4169 1086 4223 ad
1117 4166 1216 4223 urbem
1240 4165 1392 4237 Caiatiam,
1421 4166 1522 4222 addita
1536 4166 1768 4240 iusuperexacts

52 4262 94 4318 pa
116 4259 134 4298 s
151 4242 183 4306 tl,
199 4254 274 4296 anno
290 4237 403 4294 Domini
418 4236 497 4291 1101.
515 4235 564 4292 llic
578 4236 701 4309 ingentis
714 4236 803 4293 animi
815 4237 884 4304 iuit;
940 4238 1145 4297 miraculorum
1160 4238 1222 4311 ejus
1250 4236 1427 4307 narratione,
1455 4254 1541 4309 quam
1555 4238 1605 4294 tibi
1627 4238 1702 4294 bono
1717 4254 1768 4310 pu·

53 4315 84 4371 vi
108 4327 216 4383 ensqne
243 4309 448 4381 imperatorem
472 4307 625 4363 Heuricum
645 4308 681 4363 iV
696 4324 730 4365 ex
744 4309 811 4365 odio
820 4307 886 4364 reti·
941 4312 1015 4370 blico
1034 4308 1178 4366 cumatile
1205 4312 1372 4364 sanctorum
1397 4307 1486 4374 sciis,
1503 4309 1561 4366 Deo
1582 4308 1769 4376 danteerul·

53 4401 129 4444 nere
142 4381 319 4447 Pascbslem‚
359 4377 478 4451 epulum
491 4382 593 4434 contra
607 4378 688 4434 illum
715 4382 744 4437 in
770 4379 887 4436 seditio·
941 4385 1068 4457 gandam
1093 4380 1236 4445 dabimus,
1258 4378 1378 4451 incipit:
1397 4379 1485 4436 Vitem
1502 4387 1527 4435 et
1540 4382 1769 4436 concenationem

54 4472 129 4515 nem
144 4453 237 4511 vertit.
253 4397 380 4534 Conciiio
396 4449 721 4533 Vastellensiinterluit,
737 4454 888 4533 majusque
902 4489 926 4548 D
941 4454 1051 4527 eprepii
1067 4451 1225 4522 messueris
1254 4450 1357 4506 Clirr'sts'
1382 4451 1530 4533 discinctis.
1557 4457 1607 4507 etc.
1641 4451 1681 4508 De
1705 4451 1769 4576 eius

55 4526 189 4587 altareS.
205 4525 349 4580 Laurentii
364 4537 395 4579 in
411 4524 720 4589 Lucinsconsecrssit,
734 4525 889 4579 reconditis
943 4525 1094 4582 sanctitate
1153 4522 1175 4578 it
1205 4520 1236 4577 S.
1261 4521 1368 4593 Gregor
1382 4521 1430 4577 lib.
1447 4538 1475 4577 iii
1502 4521 1623 4594 Dialog,
1638 4538 1700 4593 cap.
1731 4521 1768 4590 6;

56 4597 220 4658 multorum
240 4599 406 4651 sanctorum
427 4590 554 4674 reliquis,
570 4597 600 4649 et
614 4593 756 4665 praecipue
776 4594 811 4650 de
828 4610 889 4649 cra·
943 4595 1125 4669 martyrolog.
1166 4609 1237 4648 om..
1252 4593 1305 4648 sub
1316 4591 1362 4648 die
1376 4607 1408 4664 ii,
1421 4593 1592 4651 Novembris
1606 4611 1613 4665 ;
1628 4593 1769 4667 sigebert.

55 4670 150 4728 ticuls
163 4669 191 4724 S.
207 4663 353 4723 Laurentii
375 4679 441 4720 cum
469 4664 600 4736 ejusdcm
626 4665 762 4746 martyris
777 4666 888 4721 duabus
944 4668 976 4725 in
986 4666 1104 4733 Chion,
1120 4680 1197 4721 anno
1209 4662 1273 4720 iiiii.

56 4738 211 4812 sanguinis
227 4735 363 4818 ampullis
374 4734 581 4817 anno'Domini
595 4735 675 4801 1112,
686 4739 733 4792 (ιιι
754 4737 787 4792 15
812 4741 889 4791 octo·
982 4737 1121 4864 Sfflffim
1152 4735 1268 4806 insuper
1303 4735 1428 4791 Leonem
1454 4735 1552 4792 Vitam
1577 4736 1606 4793 S.
1639 4735 1770 4793 ianuarii

55 4813 130 4879 bris,
148 4815 179 4868 ut
190 4826 225 4866 ex
238 4817 439 4879 antiquissima
452 4810 639 4879 inscriptione
653 4808 784 4880 ejusdem
799 4807 891 4863 Decla-
945 4825 1051 4866 monac
1074 4808 1079 4819 '
1094 4807 1188 4864 Cssin.
1201 4808 1324 4861 testatur
1336 4807 1478 4863 arnoldus
1492 4807 1591 4875 Wion,
1610 4806 1693 4879 Lign.
1720 4806 1771 4862 rit.

56 4885 111 4942 sisa
131 4880 284 4954 colligitur,
299 4893 388 4951 quam
403 4881 502 4949 postes
514 4877 544 4933 in
558 4893 625 4933 suos
647 4878 767 4934 mustea
795 4878 892 4935 retulit
945 4880 995 4938 lib.
1016 4898 1046 4947 ii,
1059 4895 1126 4952 esp.
1143 4882 1169 4948 9,
1184 4877 1234 4934 iol.
1260 4876 1320 4942 188,
1336 4894 1424 4949 quam
1439 4881 1529 4936 etiam
1554 4877 1728 4960 descriptam
1754 4893 1778 4948 s¹

56 4954 142 5013 sard.
160 4955 264 5009 Daren.
291 4948 491 5019 iuveniturque
516 4947 606 5004 etism
621 4953 752 5005 nostrum
768 4949 892 5005 Leonem
946 4955 1045 5009 nostro
1068 4951 1151 5008 Petro
1179 4948 1304 5005 Discono
1316 4947 1366 5004 lib.
1383 4965 1437 5005 ms.
1454 4951 1493 5005 De
1506 4953 1570 5006 ortu
1586 4957 1614 5006 et
1627 4954 1687 5004 rita
1700 4949 1773 5022 just.

56 5023 266 5095 subscripsisse
279 5026 343 5077 scta
357 5018 470 5076 concilii
493 5018 624 5076 Laterani
638 5020 691 5075 sub
716 5020 845 5076 Pascbali
859 5021 891 5085 11,
946 5023 1054 5088 Casin,
1068 5039 1132 5096 cap.
1144 5025 1188 5086 31,
1204 5020 1234 5076 iu
1247 5020 1315 5077 Vita
1325 5020 1418 5076 sancti
1432 5019 1607 5087 Guioizonis,
1625 5021 1707 5093 cnjus
1720 5019 1775 5076 luit

56 5117 77 5156 v
97 5092 366 5165 Kalendasliprilis.
384 5091 452 5147 vide
466 5106 532 5162 quse
559 5091 670 5146 notavit
692 5090 831 5148 Lauretus
857 5091 892 5149 de
946 5093 1111 5165 discipulus,
1137 5091 1266 5148 invenies
1281 5108 1288 5147 ε
1305 5091 1368 5146 vide
1380 5091 1468 5147 etiam
1492 5091 1583 5164 elogia
1596 5092 1661 5148 abb.
1674 5090 1774 5148 Casiri.

57 5172 166 5228 nostro
186 5168 278 5222 Leone
293 5164 322 5219 iii
338 5163 444 5220 tthron.
456 5160 554 5219 Casio.
572 5178 637 5233 pag.
651 5161 696 5217 ¹19.
713 5162 836 5235 Scripsit
845 5163 892 5235 ju·
945 5166 983 5221 li.
999 5169 1063 5219 rint.
1079 5162 1218 5237 Scipionis
1240 5179 1303 5235 pag.
1317 5162 1392 5228 ³22;
1421 5166 1534 5219 caeterea
1560 5179 1627 5220 iero
1645 5164 1776 5221 lucubra-

57 5244 151 5299 bantc
165 5235 294 5294 Oderisio
310 5233 406 5290 Casiri.
429 5233 532 5289 abbate
557 5233 718 5289 chronicon
733 5235 777 5291 sui
793 5250 889 5291 moos·
945 5236 1039 5294 tiones
1052 5235 1168 5292 ineditae
1179 5234 1273 5289 adhuc
1290 5236 1452 5290 remanent.

59 5310 146 5369 nterii
157 5306 329 5370 Cannensis,
345 5304 425 5360 libris
451 5302 550 5369 tribus,
571 5305 780 5377 atemporibus
794 5306 823 5361 S.
844 5306 892 5361 De·
980 5307 1105 5363 Decessit
1119 5306 1176 5361 Leo
1188 5304 1230 5360 vir
1243 5302 1377 5370 eximius,
1396 5303 1590 5377 praeclareque
1622 5305 1657 5363 de
1675 5304 1777 5362 studiis

58 5380 173 5442 nedicti
197 5394 286 5451 iisque
307 5377 344 5433 sd
358 5374 534 5457 Desiderium
562 5375 708 5442 abbatem,
724 5377 771 5449 qui
793 5380 892 5449 postea
944 5378 1066 5435 meritus
1099 5390 1229 5501 sacripue
1267 5379 1384 5430 senatus
1420 5381 1621 5434 ornamentum
1659 5393 1688 5433 xi
1711 5378 1775 5433 list.

59 5454 167 5511 Victor
182 5466 257 5523 papa
268 5451 369 5507 tertius
384 5445 448 5510 luit,
463 5461 512 5518 qui
526 5446 587 5502 elati
598 5451 666 5504 suut
694 5450 755 5505 reio
770 5446 892 5505 venetiis
944 5447 1051 5522 Aprilis
1070 5465 1146 5505 anuo
1195 5446 1253 5512 115,
1271 5450 1302 5501 ut
1313 5445 1400 5517 plane
1412 5446 1532 5520 perspici
1551 5453 1649 5530 potest
1677 5463 1711 5503 ex
1728 5447 1785 5507 illov
1849 5479 1855 5492 ·

60 5541 145 5585 sono
171 5522 251 5588 1513,
278 5524 308 5576 et
339 5516 470 5585 Parisiis;
517 5522 640 5574 osuemo
690 5519 787 5602 eapoli
814 5533 891 5575 anno
944 5523 1076 5592 tempore
1099 5534 1155 5591 quo
1182 5517 1295 5574 invisis
1354 5519 1422 5574 abst
1438 5534 1447 5586 ;
1463 5518 1778 5576 inveniturenimsub·

61 5595 138 5656 1616
166 5609 253 5650 ocra
277 5595 306 5647 et
330 5590 405 5646 notis
430 5534 557 5671 biettiioei
577 5589 691 5672 Lanreti
708 5590 821 5663 Hispani
834 5605 893 5644 mo·
946 5591 1067 5665 scriptus
1076 5591 1161 5647 bullae
1175 5588 1319 5647 paschalis
1360 5589 1513 5657 ,Ecclesia
1535 5591 1697 5645 Marsorum
1712 5602 1779 5642 con·

61 5610 352 5728 nechigssinensis,
376 5675 449 5732 quas
473 5660 591 5733 quidem
617 5660 757 5719 editiones
775 5661 895 5718 collatas
946 5665 1034 5720 c'essa
1057 5678 1134 5720 anno
1158 5662 1241 5721 Dom.
1278 5660 1358 5719 tlte.
1386 5660 1443 5741 ligo
1469 5661 1517 5720 Fr.
1556 5663 1610 5726 Leo
1639 5661 1789 5742 episcopas·

61 5754 135 5805 cum
149 5733 348 5818 anaqnissinio
361 5730 519 5809 exemplari
528 5747 585 5792 ms.
599 5730 631 5793 in
640 5732 740 5798 Casia
762 5731 894 5797 biblioth
949 5733 1096 5802 οι11ιιιι1ι.
