3884 6050
165 278 201 335 95
719 265 875 327 nouum
894 263 1054 324 ABBrthS
1073 264 1104 322 S.
1125 263 1307 324 vauoouls
1845 266 1881 322 96

165 416 270 474 regem
283 401 426 463 creatum,
442 394 789 473 lleyurioumdomiuum
802 406 892 451 suum
905 400 999 463 supra
1013 390 1037 447 Δ
1052 392 1200 449 Laurenti
1226 388 1423 462 Bereugarius
1449 389 1487 448 de
1513 390 1622 449 eadem
1646 389 1764 449 civitate
1793 389 1879 447 duos.

166 489 292 547 flurium
306 490 394 545 hose
424 485 534 560 oppido
561 484 667 543 Guisez
684 484 758 556 (ibt)
777 484 846 541 ante
860 481 996 553 pontem,
1052 480 1206 554 Coepitque
1219 478 1881 538 doceriordoCluniacensiumierveutissimo

167 592 324 651 regemque
334 576 460 635 contrito
472 574 604 633 exmoitu
624 575 690 647 ejus
708 572 874 644 fugaverat.
889 568 934 626 Ad
948 584 999 626 cu·
1052 570 1132 642 apud
1145 584 1208 626 non
1221 569 1321 626 studio
1341 574 1370 626 et
1390 570 1521 627 exerceri
1544 569 1743 638 tenacissime,
1758 584 1820 626 non
1846 585 1881 626 ex

168 667 281 725 mulum
292 668 395 724 autem
404 664 554 723 malorum
565 668 738 727 nostrorum
751 660 859 719 accidit
869 658 958 717 nobis
968 662 998 716 et
1050 662 1135 732 parte
1148 658 1201 717 sed
1213 675 1250 716 ex
1263 657 1390 730 integro,
1405 659 1537 717 manium
1549 658 1712 732 iuvenibus
1723 658 1833 715 nostris
1848 657 1880 713 iu

167 755 250 814 ahud
263 754 387 823 malum,
405 758 519 828 <quanto
533 752 570 810 da
593 750 780 813 familiariori
805 754 834 807 et
860 746 998 806 amiciori
1051 762 1088 804 eo
1096 746 1287 805 laudabiliter
1296 746 1359 805 siue
1367 747 1451 805 omui
1461 747 1620 807 mendacio
1630 750 1733 804 nostro
1741 746 1876 803 ferventi·

167 845 251 920 prius
263 842 353 902 nobis
371 846 633 917 potentepersona
650 844 732 898 tanto
743 841 771 897 et
779 837 996 910 gravissumo
1050 837 1118 902 hus,
1139 835 1263 897 senibus
1275 851 1344 893 eum
1357 834 1473 895 silentio
1490 840 1591 894 menta
1606 835 1732 909 pacifica
1759 835 1878 908 acquie-

168 941 197 993 et
216 930 444 991 intolerabilius.
461 935 621 1005 creperum
648 944 783 1002 namque
811 928 842 985 ln
869 925 996 984 invicem
1050 923 1881 997 arentibus,scolarumpuerissinegravijugocotidiana

168 1021 315 1081 dissidere
340 1036 441 1081 coines
465 1020 645 1078 Gislebertus
665 1018 829 1077 advocatus
844 1020 945 1073 noster
968 1018 998 1071 et
1051 1013 1261 1075 maculatione
1270 1010 1880 1086 discipliuamexhiheulibus.Quietiunde

168 1113 300 1169 domnus
311 1108 408 1167 abbas
423 1108 745 1167 Theodericuscomes
755 1105 894 1177 exigebat
905 1102 945 1163 ab
959 1118 996 1159 eo
1050 1103 1134 1177 apud
1141 1119 1198 1161 nos
1209 1102 1322 1160 cossecti
1329 1102 1448 1159 inerant
1459 1102 1628 1174 mutarique
1639 1106 1768 1158 veterem
1778 1099 1880 1158 levita·

169 1204 203 1257 24
216 1214 335 1257 marcas
348 1199 554 1272 argentinum
568 1195 806 1255 duciGodeirido
818 1193 942 1251 dederat
958 1191 996 1249 de
1051 1196 1111 1249 tem
1132 1207 1220 1249 suam
1242 1190 1392 1255 nolebant,
1408 1194 1614 1255 recesserunt;
1641 1188 1777 1246 similiter
1798 1194 1827 1245 et
1843 1188 1882 1244 de

170 1289 309 1355 lovanio,
325 1288 399 1363 quia
424 1287 533 1346 ducem
561 1286 741 1361 lleynricum
760 1291 883 1359 propter
906 1298 997 1341 suum
1050 1281 1161 1339 nostris
1183 1280 1276 1355 aliqui
1297 1280 1434 1352 ejusdem
1453 1279 1591 1337 levitatis.
1610 1278 1678 1335 t'olo
1704 1282 1804 1336 autem
1831 1277 1882 1334 hic

169 1378 319 1449 abjectum
334 1394 352 1435 a
366 1376 455 1434 nohis
472 1376 686 1435 herimannum
703 1388 861 1448 supernos
884 1372 996 1429 irruere
1050 1374 1197 1427 annotare
1209 1370 1448 1433 uomiuueorum
1462 1368 1513 1441 qui
1528 1374 1598 1425 lunc
1610 1367 1646 1425 de
1661 1366 1790 1442 presenti
1803 1366 1885 1424 vive-

168 1482 230 1525 nou
244 1466 431 1541 permiserat,
448 1470 477 1525 et
497 1464 643 1539 quicquid
658 1477 750 1535 super
766 1477 818 1523 eas
842 1476 879 1518 ex
898 1460 997 1517 usuris
1050 1456 1259 1531 baut‚quaudo
1279 1472 1352 1515 usus
1368 1458 1417 1514 isti
1429 1458 1514 1531 apud
1524 1471 1579 1513 nos
1592 1456 1752 1514 introducti
1766 1461 1884 1523 sunt,ut

169 1554 277 1613 cotidie
300 1554 453 1613 crescebat
470 1571 477 1623 ;
497 1553 595 1613 abhas
611 1549 817 1626 respondebat
830 1565 862 1607 se
889 1549 916 1606 ei
934 1564 996 1609 uon
1050 1551 1079 1603 et
1092 1546 1188 1617 gloria
1202 1562 1307 1605 eorum
1321 1545 1391 1604 iude
1402 1544 1432 1603 in
1447 1547 1506 1603 hae
1519 1561 1643 1620 quoque
1656 1545 1713 1603 vita
1726 1548 1884 1612 creseat,et

168 1643 342 1719 promisisse
355 1643 412 1700 nisi
426 1647 441 1698 5
454 1640 616 1710 tantum,ei
625 1656 677 1697 eas
688 1655 719 1697 se
730 1640 796 1710 jam
807 1636 996 1711 persolvisse.
1050 1634 1161 1709 posteri
1172 1634 1883 1708 intelligantquanlaapadnosiratrumpaucitas

167 1733 214 1791 Sia
235 1737 264 1790 et
277 1732 319 1788 sic
340 1731 448 1790 cotidie
473 1731 555 1788 mala
578 1735 680 1788 nostra
707 1726 996 1803 multiplicabantur.
1014 1745 1037 1803 Β
1052 1723 1206 1781 extiterat:
1219 1721 1321 1781 Abbas
1334 1721 1543 1787 Theodericus,
1560 1723 1642 1795 prior
1661 1737 1717 1795 ego
1725 1721 1882 1785 liedulfus,

168 1821 275 1877 Comes
285 1819 358 1895 quid
373 1819 482 1877 teneret
494 1820 508 1876 l
520 1816 637 1876 Ratioul
663 1816 788 1874 omuino
804 1815 997 1891 acquiescere
1051 1812 1228 1870 secretarius
1234 1811 1564 1887 sybertusprepositus
1576 1814 1750 1881 lloruugus,
1762 1810 1885 1867 cellera-

167 1906 273 1965 uolens
287 1923 386 1982 neque
400 1906 526 1976 veritali,
538 1922 610 1964 cum
623 1903 735 1979 duplici
748 1904 884 1979 dampno
902 1918 997 1978 quam
1051 1901 1114 1958 rius
1123 1900 1622 1974 emtorquelollrardus,l3ugojam
1636 1899 1886 1973 seuex‚Gisleher-

166 1997 279 2069 argenti
296 1997 387 2069 huius
402 2012 523 2055 summa
535 1994 650 2066 fuisset,
664 2000 759 2055 toturn
772 2009 826 2069 per
841 1992 997 2051 abbatiam
1052 1989 1380 2063 tusjuveuismnturus.
1389 1988 1489 2047 Prima
1499 1995 1601 2047 autem
1611 1989 1660 2047 die
1673 2005 1735 2063 qua
1744 1988 1885 2046 ordinem

166 2082 997 2159 quodexigebaldiripuitnulliusqueumquampetitione
1052 2078 1231 2153 incepimus,
1245 2078 1382 2136 exierunt
1395 2078 1433 2134 de
1449 2077 1538 2135 scolis
1554 2078 1689 2153 quinque
1699 2077 1803 2151 pueri:
1819 2076 1887 2134 Thi·

167 2173 269 2233 abbati
283 2173 468 2231 reconciliari
482 2171 585 2239 voluit,
602 2171 655 2230 sed
669 2186 832 2230 conversus
844 2170 884 2229 ad
899 2169 995 2229 domi·
1050 2165 1744 2241 delmus,Balduiuus,lleynricuschristianus,
1756 2167 1885 2233 Franco,

169 2278 242 2320 num
256 2278 346 2319 suum
357 2261 497 2319 comitem
508 2259 679 2332 heynricum
690 2259 764 2333 (258)
775 2265 805 2317 et
815 2257 997 2318 adamulum
1050 2256 1103 2331 qui
1115 2255 1346 2330 posteaabJ'eato
1358 2252 1710 2328 habituiugit.lliomnes
1717 2254 1888 2327 jamadulti

166 2347 707 2425 abbatisllerimaunum,coepitomni
719 2347 845 2407 consilio
855 2347 997 2408 etrirtute
1051 2340 1169 2403 fuerant
1182 2344 1258 2402 etde
1273 2343 1360 2402 scolis
1366 2344 1432 2416 jam
1446 2341 1663 2402 dudumexisse
1678 2344 1889 2418 poterantsed

167 2447 302 2515 agerent
313 2440 349 2497 de
364 2440 487 2499 abbatia
500 2439 656 2512 ejiceretur
666 2445 695 2497 et
710 2439 910 2498 llerimanuus
920 2437 997 2495 rein·
1051 2434 1158 2508 prioris
1169 2433 1321 2506 diligentia
1345 2447 1397 2490 eos
1419 2432 1498 2490 intra
1512 2431 1608 2490 scolas
1632 2448 1730 2506 usque
1753 2431 1794 2489 ad
1814 2448 1887 2492 eam

166 2530 381 2588 traduceretur.
430 2516 433 2521 ’
1051 2522 1132 2581 diem
1147 2526 1291 2590 tenuerat,
1304 2522 1422 2589 timens,
1439 2521 1465 2578 si
1479 2525 1549 2581 aute
1566 2521 1720 2597 inceptum
1733 2520 1885 2590 ordinem,

202 2623 246 2675 21.
272 2617 445 2676 ilabebatur
471 2621 542 2675 tuna
566 2629 593 2661 m
613 2616 704 2674 Mettis
732 2615 890 2691 episcopus
911 2614 997 2672 Adel·
1051 2611 1355 2669 seeundumveterem
1363 2609 1740 2677 abusionemextrasoolas
1753 2609 1885 2669 levitatis

166 2707 236 2767 bero
252 2719 279 2750 η·
293 2707 368 2782 (iti)
379 2709 448 2781 post
461 2705 736 2780 Popponemthod),
747 2704 877 2778 quih'oet
886 2704 997 2762 litteras
1051 2699 1884 2774 etoeii¹⁰⁰placitamjuvenibusvenenatamquamdulce-

166 2812 239 2855 suas
256 2800 284 2854 et
293 2796 388 2854 missa
414 2796 478 2853 icos
493 2810 548 2868 pro
564 2794 678 2852 domno
693 2794 803 2853 abbate
815 2792 996 2851 Theoderico
1050 2788 1153 2847 dinem
1181 2791 1329 2861 gutaseut,
1349 2789 1433 2862 quod
1455 2787 1585 2861 amplius
1608 2787 1712 2860 rigida
1732 2788 1885 2861 juvenum

166 2885 207 2943 ad
227 2886 351 2944 comites
367 2884 547 2958 lleynricum
571 2887 600 2941 et
614 2882 811 2941 Gislebertum
825 2882 997 2956 frequenter
1048 2879 1174 2952 iugique
1184 2879 1309 2936 insuetae
1323 2877 1450 2936 cervices
1460 2877 1605 2951 applicari
1616 2877 1656 2936 ad
1670 2877 1808 2935 ordinem
1818 2890 1884 2936 uon

165 2975 304 3041 mitteret,
320 2974 411 3034 nichil
430 2980 531 3032 lamen
555 2978 608 3032 aut
635 2972 787 3032 modicum
805 2972 911 3046 juvare
926 2988 997 3030 eum
1049 2967 1278 3044 possent.Pueri
1293 2967 1345 3042 qui
1362 2966 1394 3026 in
1420 2966 1508 3026 scolis
1528 2971 1746 3040 remanserunt,
1761 2967 1887 3026 fuerunt

164 3068 282 3138 poterat
295 3068 398 3122 corrtra
414 3062 536 3128 eos,nisi
546 3063 577 3120 in
590 3063 649 3120 hoc
664 3067 791 3128 mutum,
807 3062 997 3137 quodmagis
1012 3093 1034 3152 C
1050 3059 1081 3116 hi
1098 3057 1310 3129 :Guazelinus,
1326 3054 1465 3125 Adultus,
1485 3058 1673 3125 Guulbertus,
1700 3057 1885 3127 Frederious,

164 3150 997 3212 indeconfortabaranimosusuumnostrorumerroris
1052 3148 1242 3205 llumbertus.
1257 3148 1336 3204 luter
1356 3147 1488 3219 majores
1511 3147 1538 3203 ei
1555 3147 1687 3205 minores
1701 3162 1821 3204 eramus
1839 3152 1884 3204 ll.

165 3240 309 3312 ambigua
332 3240 445 3298 levium
466 3239 701 3314 oppidanorum.
723 3238 785 3297 Sub
809 3237 901 3311 hujus
924 3238 997 3296 iune
1051 3235 1223 3311 Ouoparvo
1237 3251 1365 3294 numero
1391 3251 1462 3294 cum
1488 3236 1638 3309 adiutorio
1659 3251 1764 3294 eorum
1781 3236 1886 3310 quide

164 3329 364 3389 contentionis
392 3328 580 3403 aliquamdiu
611 3328 756 3403 ancipites
784 3328 903 3399 agitare
927 3331 998 3386 sunt
1051 3325 1161 3385 leodio
1189 3325 1302 3399 prestiti
1316 3324 1403 3382 nobis
1417 3324 1544 3391 fueraut,
1561 3325 1658 3398 eoepit,
1681 3329 1715 3382 ut
1734 3324 1807 3394 dixi,
1824 3323 1885 3382 ier»

166 3426 299 3493 utraeque
319 3423 420 3493 partes
431 3418 654 3477 dissidentium.
671 3417 748 3498 Cum·
756 3418 845 3491 igitur
863 3418 997 3476 humano
1051 3415 1223 3473 ventissime
1241 3414 1317 3473 ordo
1344 3415 1447 3481 teneri,
1459 3412 1593 3472 maxime
1614 3413 1713 3472 studio
1733 3414 1885 3487 juvenum

166 3507 302 3582 undique
314 3508 525 3566 destitueretur
537 3508 655 3574 anulio,
672 3512 701 3566 et
714 3506 823 3565 abillis
837 3507 998 3565 vehemen·
1052 3503 1243 3562 laudabiliter
1255 3504 1385 3562 adhunc
1405 3520 1436 3561 se
1449 3503 1678 3576 accingentium.

165 3597 278 3656 tissime
291 3596 482 3668 affligeretur,
495 3596 549 3670 qui
570 3612 641 3654 eum
669 3596 801 3653 maxime
828 3595 998 3662 debuerant
1087 3592 1649 3670 it.Siquislamennostrumproecipue
1662 3592 1776 3651 exstitit
1791 3593 1882 3666 cujus

162 3685 279 3759 juvare,
292 3690 391 3744 ratum
405 3684 463 3742 sihi
478 3683 562 3743 duxit
575 3684 615 3741 ad
629 3683 768 3743 divinum
777 3699 812 3741 eo
826 3683 999 3742 modocon·
1052 3681 1659 3756 importunitasetoportvmitas,cujusmille
1665 3681 1764 3740 formis
1771 3682 1884 3738 variata

166 3772 279 3845 ingere,
291 3771 317 3829 si
329 3773 557 3831 dissolutionem
567 3771 661 3830 nostri
668 3771 795 3836 ordinis,
803 3787 872 3846 quae
885 3771 938 3828 diu
953 3771 998 3829 ui·
1053 3771 1202 3845 sagacitas
1210 3771 1337 3829 animum
1343 3769 1502 3828 abbatisad
1508 3769 1790 3828 hosususteuendos
1798 3770 1883 3843 prior

165 3861 224 3918 mis
246 3862 367 3920 casibus
375 3863 502 3921 diversis
517 3860 724 3920 accidentibus
743 3863 826 3936 apud
849 3876 906 3918 nos
934 3873 997 3919 non
1051 3859 1321 3930 induxeritetnum
1330 3857 1881 3931 multasuatribulationeetaugustia,

164 3949 281 4025 absque
292 3950 596 4020 infamiainoleverat,
610 3950 819 4022 religiosorum
832 3950 997 4009 monacho·
1052 3950 1121 4009 odio
1133 3954 1163 4007 et
1176 3949 1291 4008 invidia
1307 3949 1390 4023 apud
1399 3950 1500 4023 ipsum
1513 3954 1546 4008 ut
1561 3951 1729 4007 tenerentur
1755 3948 1882 4008 tandem

164 4038 776 4113 rumusibuspossetarnendare.Adquod
788 4039 997 4113 peragendum
1052 4040 1218 4106 obtinuerit,
1235 4042 1265 4096 et
1287 4038 1375 4111 cuius
1397 4038 1496 4095 studio
1521 4053 1557 4096 eo
1578 4037 1693 4095 vivente
1723 4037 1881 4109 viguerint,

164 4127 289 4201 quidam
308 4127 343 4183 de
372 4127 524 4197 iratribus,
540 4128 627 4202 pauci
655 4132 755 4185 tamen
780 4126 996 4186 instantissime
1049 4133 1228 4202 mortuoque
1236 4127 1478 4194 refrixerint‚non
1487 4125 1618 4193 dubitat,
1632 4126 1769 4200 quisquis
1781 4125 1831 4183 ille
1845 4130 1884 4186 sit

165 4215 997 4291 eumperurgebant,pluresautemgravissimeinvetera·
1051 4214 1883 4288 cummullumemendationisvitreirutrumetproiectus

165 4310 211 4364 tas
217 4303 655 4365 abusionessuasimruutaudas
663 4305 721 4363 sibi
727 4305 995 4372 ferebantmaxime
1050 4305 1190 4363 acclesiae
1200 4320 1255 4378 per
1268 4305 1322 4361 hos
1335 4319 1408 4361 usus
1433 4304 1626 4361 subsecutum
1642 4303 1678 4362 sit
1692 4303 1777 4377 quod
1790 4303 1829 4360 de
1843 4321 1884 4362 eo

164 4409 236 4451 vero
250 4392 303 4468 qui
318 4394 402 4468 apud
416 4411 472 4452 nos
481 4395 519 4453 de
530 4394 739 4455 aliisolaustris
750 4394 868 4469 profugi
882 4395 995 4452 couflu·
1048 4394 1138 4451 nobis
1150 4392 1326 4462 tacentibus,
1337 4390 1385 4448 ille
1395 4391 1673 4466 taceredebeat,pro
1683 4392 1770 4465 cujus
1778 4408 1886 4451 amore

164 4487 280 4539 xeraut.
297 4482 355 4542 Sed
370 4500 440 4540 eum
455 4484 506 4541 hei
531 4484 681 4554 adjutorio
695 4483 866 4556 prevalente
878 4481 994 4541 meliori
1048 4478 1139 4537 nichil
1163 4477 1291 4543 adversi,
1314 4476 1406 4535 nichil
1427 4477 1496 4547 odii,
1519 4478 1611 4536 nichil
1637 4478 1769 4546 invidiae,
1785 4479 1884 4544 nichil

163 4574 250 4643 parte
274 4569 409 4640 iratrum,
428 4569 497 4629 lieet
520 4570 636 4636 minuti,
652 4570 812 4629 introducti
832 4576 901 4628 sunt
919 4588 993 4628 usus
1048 4569 1171 4646 periculi
1199 4568 1344 4626 sustinere
1365 4566 1562 4638 formidabat,
1577 4568 1746 4627 dummodo
1773 4568 1884 4642 religio

164 4656 404 4715 cluniacensium
427 4658 458 4715 in
472 4659 687 4715 monasterium
712 4662 740 4714 et
765 4658 994 4718 claustrumno
1047 4660 1284 4719 introduceretur
1293 4662 1323 4715 et
1338 4657 1421 4716 locus
1444 4658 1621 4731 apreteritre
1634 4658 1813 4730 irreligionis
1834 4660 1884 4718 iu·

166 4744 994 4819 etrum,scilicetKalendasllartii,qureluiteoaunosexta
1047 4750 1140 4808 iamin
1157 4748 1343 4807 liberaretur.

165 4834 240 4893 teria
252 4835 284 4892 in
295 4835 394 4907 capite
401 4834 510 4909 jejunii
525 4839 562 4903 ¹⁸⁹,
578 4835 615 4892 ad
639 4849 716 4908 quos
739 4825 992 4894 demonstrandos
1081 4843 1125 4896 23.
1138 4838 1249 4911 lnjecta
1262 4836 1350 4911 igitur
1371 4835 1460 4894 nobis
1481 4836 1521 4894 ad
1547 4835 1879 4911 lleynrioograrissimi

165 4923 342 4983 misituobis
355 4922 584 4982 domnusabbas
599 4923 698 4982 Sancti
710 4919 814 4981 iacobi
825 4921 863 4980 de
883 4924 992 4985 modio
1046 4928 1189 4986 memoris
1201 4925 1316 4996 nubila,
1332 4940 1445 4997 magna
1454 4925 1521 4997 jam
1536 4939 1575 4982 ex
1591 4929 1676 4998 parte
1690 4923 1882 4984 deterserant

167 5013 334 5085 Stephanus
359 5011 437 5070 duos
462 5012 500 5070 de
523 5012 585 5069 suis
610 5009 764 5081 iratribus,
779 5007 876 5070 abbm
891 5014 992 5072 Sancti
1044 5030 1125 5074 nova
1133 5013 1295 5073 introducti
1313 5013 1427 5072 ordinis
1440 5012 1559 5085 gaudie,
1573 5016 1603 5070 et
1624 5012 1681 5071 sub
1707 5012 1881 5086 suavijugo

858 5111 975 5169 vthAE
995 5113 1192 5173 LEGllONES.

211 5208 234 5245 ⁰²
251 5209 285 5264 Α.
302 5211 379 5266 lior.
397 5207 507 5280 interp.
545 5209 579 5246 ¹⁹⁸
595 5207 714 5267 vander
731 5208 767 5265 t'.
804 5208 839 5245 ¹⁰⁹
854 5209 888 5265 l.
901 5210 988 5269 Dom.
1004 5214 1082 5270 lidi.
1097 5213 1185 5268 inter.
1197 5211 1230 5267 io
1243 5208 1382 5280 margine
1390 5207 1448 5278 iret.
1460 5206 1499 5244 ²⁰⁰
1513 5206 1576 5265 odii
1591 5209 1626 5265 l'.

971 5317 1086 5376 North.

202 5410 278 5484 (atr)
294 5408 360 5471 Vise
376 5410 453 5470 iuter
467 5411 609 5471 leodium
624 5412 653 5470 et
675 5413 841 5485 Trajectum
858 5415 915 5482 3de
941 5413 991 5475 die
1044 5416 1136 5474 haute
1149 5411 1313 5484 sigeberto,

164 5483 355 5541 consentiunt
365 5482 534 5556 Sigebertus
543 5488 573 5542 et
587 5482 798 5544 Eklrehardus.
1092 5488 1158 5558 tot)
1173 5486 1315 5551 Quartus.

200 5555 277 5627 (toa)
303 5554 359 5622 Qui
381 5569 419 5612 ex
440 5570 570 5628 carcere,
593 5554 642 5613 cui
668 5554 822 5613 lleinricus
845 5572 897 5616 rex
918 5573 991 5616 eum
1092 5560 1155 5630 too)
1175 5554 1231 5622 Qui
1242 5554 1307 5626 jam
1317 5553 1434 5614 obierat
1445 5556 1625 5615 anaollul.

164 5625 369 5698 mandaverat,
377 5626 494 5687 taurim
506 5625 653 5701 effugerat
666 5640 749 5690 anno
760 5641 829 5701 ipso
841 5631 998 5704 troops-o-
