3884 6050
222 236 295 298 ¹2⁵1
836 230 1307 312 susannisaauavaurini.
1865 241 1928 298 isar

218 368 322 425 urbem
337 369 464 427 Romam
479 372 660 439 exivit,mille
675 376 810 449 equitum
825 386 943 439 caterva
958 379 1045 450 stipa·
1062 375 1161 439 Areri
1173 375 1291 447 jubent,
1317 381 1348 434 ut
1361 376 1390 433 iu
1405 374 1544 433 securiori
1569 378 1653 448 parte
1675 375 1849 430 manerent.
1876 371 1931 426 Dm

218 459 275 527 tus,
291 463 319 513 et
332 457 462 530 peditum
474 461 659 519 multitudine
671 465 920 539 copiosa,deinde
930 467 969 524 ad
980 465 1047 522 ciri·
1101 470 1201 521 autem
1215 466 1294 537 regis
1308 466 1399 528 filius,
1414 464 1495 521 mille
1510 463 1569 521 lere
1590 463 1702 536 equites
1726 461 1884 533 accipiens
1898 463 1931 516 sie

134 583 139 598 .
217 547 308 601 tatem
324 546 422 603 Sancti
436 547 575 606 Germani
590 552 730 622 pervenit.
743 554 877 630 Cumque
905 553 1045 629 praelatus
1101 553 1301 626 apostolicum
1322 553 1524 612 discedentem
1544 551 1780 625 deprehendens,
1814 548 1930 605 insidiis

217 646 269 688 rex
291 633 491 702 apostolicum
518 637 602 694 illum
617 640 691 697 urbe
717 659 871 714 egressum
890 643 1045 718 persensit,
1100 641 1276 710 constitutis,
1290 659 1380 716 super
1391 642 1546 717 apostotici
1556 640 1663 698 milites
1672 639 1805 705 insilivit,
1820 638 1933 711 quipe

217 721 333 793 legatos
347 739 418 780 suos
429 726 570 796 predicto
594 731 755 802 apostolico
769 733 807 791 de
832 751 906 809 pace
921 733 1047 792 manda·
1101 731 1224 788 tentiam
1239 731 1396 788 etinsidias
1406 730 1565 788 sentientes
1578 733 1661 799 terga
1673 733 1823 784 vementes
1833 726 1932 796 lugam

216 810 269 878 rit,
297 816 326 867 et
343 812 528 871 voluntatem
543 818 704 888 apostolici,
721 826 749 878 at
764 823 935 894 petitionem
959 821 1048 896 polti·
1100 824 1216 891 petunt,
1227 820 1430 876 etsecundum
1441 819 1519 876 sires
1531 818 1656 892 perloca
1663 815 1933 873 illadirersaaniu

217 904 299 955 cetur
312 900 464 972 perticere.
489 904 676 976 spostolicae
701 914 799 968 autem
825 910 939 983 legatos
968 911 1047 981 regis
1101 907 1196 978 giunt.
1212 908 1354 965 Prolatus
1368 924 1437 965 sero
1452 909 1601 982 princeps,
1615 912 1645 962 et
1657 906 1819 964 biccardus
1830 904 1872 961 de
1886 907 1933 961 Sa·

216 986 340 1044 honeste
349 990 508 1062 accipiens,
524 992 691 1051 cardinales
701 996 777 1054 duos
788 999 827 1056 ad
838 1015 940 1070 regem
953 999 1047 1073 ipsum
1100 998 1250 1069 pacanina
1271 998 1341 1070 (54),
1363 1003 1392 1055 et
1415 1000 1619 1054 Romanorum
1645 993 1803 1051 multitudo
1829 994 1930 1056 erasit,

216 1075 379 1132 transmisit
392 1079 476 1149 pacis
491 1084 519 1135 et
531 1079 925 1144 dilectionisflrmamentum
937 1089 1047 1144 descri·
1101 1086 1186 1142 multi
1200 1102 1270 1143 rero
1282 1085 1420 1153 militum,
1435 1090 1464 1143 et
1478 1084 1611 1159 peditum
1624 1084 1653 1140 in
1672 1082 1798 1139 llumine
1821 1083 1932 1139 monui

216 1161 301 1230 bens,
317 1168 346 1221 et
358 1170 389 1221 ut
400 1166 440 1222 ad
458 1167 609 1226 civitatem
625 1171 725 1229 Sancti
753 1177 893 1233 Germani
915 1191 966 1233 rex
980 1178 1046 1249 ipse
1100 1171 1932 1247 suncmuttosmcaptioneregsrorcauuivimus.aposto

215 1251 376 1311 festinaret.
391 1255 467 1320 Quid
484 1258 590 1315 multat
605 1258 776 1320 Cardiuales
791 1264 858 1322 illos
872 1281 924 1322 rex
937 1265 986 1321 ille
1001 1266 1046 1323 di·
1099 1261 1841 1337 licusautemInnocentiuspostsuosomnesquasi
1853 1276 1931 1316 meu

214 1340 340 1414 ligenter
353 1347 382 1399 et
395 1343 518 1401 honeste
532 1347 693 1421 accipiens,
709 1351 860 1411 civitatem
875 1355 1044 1426 troianum,
1100 1367 1151 1408 rus
1166 1351 1329 1410 incedebat.
1347 1355 1388 1408 En
1412 1367 1449 1408 ex
1468 1350 1632 1425 improviso
1658 1348 1787 1407 militum
1810 1351 1931 1408 caterva

215 1445 305 1502 quam
319 1430 480 1489 obsidebat
493 1433 614 1501 dimisit,
628 1444 657 1493 et
671 1454 761 1496 cursu
772 1442 878 1514 rapido
892 1443 930 1501 ad
940 1443 1046 1516 prcedi-
1099 1455 1169 1496 eum
1183 1441 1366 1511 aggreditur,
1381 1441 1440 1498 heu
1459 1439 1570 1497 dolori
1588 1442 1618 1496 et
1635 1438 1718 1495 illum
1735 1436 1929 1510 comprehen-

215 1524 297 1576 ctum
312 1520 586 1592 apostolicumcum
596 1524 816 1596 ducsliliosuo,
826 1536 854 1588 et
868 1531 1046 1588 exercitibus
1099 1528 1185 1595 dunt,
1200 1528 1343 1602 omnique
1362 1545 1418 1586 suo
1433 1529 1572 1586 thesauro
1587 1532 1616 1585 et
1630 1532 1740 1584 ornatu
1753 1525 1868 1594 diviso,
1883 1527 1930 1582 du-

216 1607 277 1664 suis
289 1608 407 1666 lestinat
417 1611 574 1678 ;continuo
588 1629 642 1687 per
653 1616 768 1689 legatos
781 1635 852 1676 suos
868 1621 906 1678 ab
918 1625 1046 1694 utraque
1099 1622 1171 1674 cunt
1183 1616 1267 1674 illum
1284 1623 1353 1674 ante
1372 1618 1451 1688 regis
1466 1621 1622 1691 aspectum
1645 1619 1673 1673 et
1687 1616 1729 1672 sic
1743 1614 1926 1671 contumeliis

216 1700 297 1769 parte
306 1697 344 1754 de
358 1700 441 1770 pacis
457 1698 564 1758 loedere
580 1702 747 1763 interlocuti
762 1713 838 1765 sunt.
856 1710 1083 1798 ApostolicusB
1100 1706 1239 1771 ditatum,
1255 1707 1407 1779 captivum
1422 1706 1507 1763 illum
1522 1707 1553 1762 in
1569 1703 1704 1772 tentorio,
1720 1703 1804 1776 quod
1816 1719 1873 1760 rex
1893 1702 1925 1758 ilb'

215 1785 803 1866 itaqueprlncipetumCapuanumarege
816 1797 1046 1871 petebat,quem
1100 1794 1271 1860 transmisit
1289 1796 1503 1852 intromittunt:
1514 1798 1543 1851 et
1551 1792 1925 1866 consequenterapostotid

215 1873 323 1945 injuste
334 1875 459 1949 principi
473 1878 601 1936 ltoberto
615 1881 787 1942 abstulerat.
804 1886 865 1943 lies
879 1902 950 1943 vero
962 1886 1045 1944 nullo
1099 1883 1310 1940 cancellarium
1318 1885 1496 1941 aimericum
1507 1887 1536 1939 et
1547 1881 1860 1954 cardinalescaptiros
1870 1896 1925 1951 per

214 1962 306 2020 modo
319 1964 519 2037 principatum
532 1967 615 2025 illum
628 1971 753 2029 reddere
769 1974 870 2039 voluit,
886 1980 914 2031 et
926 1976 969 2031 sic
992 1991 1046 2048 per
1099 1971 1221 2029 ducunt.
1238 1972 1357 2030 Decimo
1371 1977 1473 2030 autem
1488 1971 1536 2029 die
1551 1970 1790 2029 stantemeusisJ
1794 1970 1858 2036 ulii,
1868 1987 1926 2043 por-

213 2049 355 2108 diesocto
367 2052 543 2126 disceptatio
556 2056 986 2130 talisintereosbabitaest;et
997 2065 1044 2120 bis
1100 2061 1167 2119 sires
1180 2063 1244 2135 ipse
1267 2063 1456 2119 Innocentius
1470 2065 1575 2132 captus
1590 2065 1634 2117 est
1657 2060 1726 2133 (55).
1751 2060 1773 2115 0
1799 2067 1926 2132 quantis

214 2138 288 2195 actis
300 2139 441 2212 praelatus
453 2157 503 2198 rex
513 2159 568 2200 suo
576 2147 659 2202 omni
670 2150 799 2207 exercitu
810 2156 995 2218 coacervato,
1005 2151 1044 2209 ad
1098 2149 1205 2216 luctus,
1221 2155 1250 2207 et
1263 2151 1401 2208 inoeroris
1414 2149 1599 2207 abundantia
1613 2153 1728 2206 mentes
1749 2147 1891 2205 fidelium
1904 2155 1928 2204 et

213 2231 315 2295 terras,
332 2244 398 2303 ques
412 2229 541 2288 liliorum
558 2234 662 2291 Burelli
677 2244 830 2308 vocantur,
855 2239 1042 2306 acceleravit,
1098 2239 1230 2295 civitates
1243 2239 1395 2311 apostolici
1405 2238 1619 2311 invasithuod
1630 2238 1656 2293 si
1663 2237 1808 2294 radicitus
1822 2236 1928 2294 desei-'e

213 2316 251 2373 de
265 2316 375 2390 quibus
389 2319 473 2375 terris
484 2324 601 2392 partem
616 2325 784 2396 quamdam
799 2333 965 2386 castrorum
982 2345 1043 2386 sua
1096 2326 1168 2383 bere
1182 2325 1299 2395 sellem,
1311 2343 1367 2383 nec
1380 2326 1642 2398 dies,nectempus
1657 2324 1840 2381 sufficerent.
1856 2325 1928 2390 Ouid

213 2404 351 2462 submisit
361 2408 507 2478 potestati.
516 2409 707 2482 apostolicus
717 2419 864 2481 autemst
870 2417 921 2490 qni
928 2433 998 2474 cum
1007 2433 1043 2475 eo
1098 2416 1214 2473 multa?
1226 2415 1373 2472 Continuo
1385 2431 1437 2472 rex
1451 2414 1499 2471 ille
1513 2429 1567 2487 per
1580 2414 1695 2488 legatos
1708 2428 1782 2469 suos
1795 2414 1928 2486 pontific

213 2499 307 2560 erant,
319 2510 420 2567 regem
431 2495 516 2554 illum
530 2497 560 2553 in
572 2505 671 2571 partes
683 2500 750 2559 illas
764 2506 923 2562 recessisse
933 2522 1044 2578 cogno·
1096 2504 1276 2570 Innocentio,
1291 2518 1382 2577 quem
1394 2504 1545 2576 captivum
1556 2501 1686 2569 tenebat,
1700 2501 1890 2575 suppliciter,
1904 2507 1927 2557 et

214 2591 339 2650 scentes,
353 2589 483 2642 castrum
498 2588 652 2660 quoddam
668 2592 790 2648 nomine
804 2593 974 2651 Gallumum
993 2610 1044 2667 eg·
1096 2592 1279 2666 ultraquam
1294 2592 1374 2649 credi
1397 2596 1504 2664 potest,
1527 2590 1681 2648 mandarit
1706 2589 1875 2655 humiliter,
1901 2597 1927 2647 nt

214 2672 296 2744 gredi
314 2672 465 2747 pracepit,
492 2678 522 2732 et
546 2676 703 2736 devastari.
721 2683 779 2738 Neo
801 2697 896 2756 mora,
920 2683 1042 2757 prmiato
1096 2682 1173 2753 pacis
1183 2686 1211 2739 et
1223 2681 1388 2738 concordie
1400 2695 1527 2737 manum
1541 2682 1712 2753 componat.
1737 2679 1926 2750 Apostolieus

212 2763 274 2833 regi
289 2762 458 2820 nuntiatum
471 2769 515 2820 cst
526 2766 651 2837 qualiter
668 2769 733 2840 jam
747 2770 843 2827 dictus
859 2772 1041 2845 apostolicus
1096 2770 1196 2843 itaque
1212 2785 1244 2825 se
1258 2770 1433 2826 destitutum
1447 2769 1551 2825 virtute
1566 2768 1703 2832 eternis,
1718 2770 1748 2822 et
1761 2765 1924 2823 desolatus

212 2850 366 2908 castellum
379 2851 451 2909 illud
466 2869 530 2911 esse
542 2860 725 2927 taggressus.
739 2858 817 2927 Quid
832 2862 941 2919 multa?
951 2877 1042 2920 cursu
1095 2859 1255 2931 aspiciens,
1271 2858 1409 2930 precibus
1420 2856 1500 2928 regis
1523 2860 1552 2912 et
1576 2854 1768 2928 petitionibus
1789 2858 1922 2914 assensit

210 2940 405 3014 rapidissimo
420 2958 473 2999 rex
484 2943 533 2999 ille
545 2946 583 3001 ad
597 2951 707 3003 terram
718 2947 819 3005 Sancti
828 2951 975 3017 Germani,
990 2952 1041 3010 ubi
1095 2952 1123 3004 ct
1138 2946 1347 3020 capitularibus
1361 2952 1390 3003 et
1404 2943 1564 3019 privilegiis
1578 2944 1618 3000 ab
1634 2948 1762 3016 utraque
1776 2950 1868 3015 parte
1880 2943 1924 2999 sir·

210 3032 392 3103 apostolicus
403 3032 467 3105 ipse
481 3033 662 3102 morabatur,
678 3038 820 3109 pervenit.
834 3042 875 3095 Eu
899 3040 1041 3100 subitods
1096 3037 1195 3101 matis,
1207 3051 1260 3092 rex
1282 3036 1357 3109 ipse,
1375 3040 1404 3093 et
1416 3035 1478 3092 dux
1490 3033 1571 3090 tilius
1590 3032 1666 3105 ejus,
1681 3037 1710 3088 et
1721 3031 1868 3104 princeps
1890 3049 1925 3087 se·

209 3119 288 3189 regis
302 3119 434 3176 adventu
445 3121 529 3179 lama
542 3123 682 3180 terribilis
698 3126 841 3197 pervolat,
856 3131 885 3185 et
896 3131 1040 3189 continuo
1055 3098 1079 3161 ⁰
1094 3126 1189 3198 ptimo
1200 3125 1318 3181 decimo
1329 3120 1923 3193 dieflttsslemenssisltflfiassle5981118890

210 3210 397 3279 castraregis
419 3212 537 3268 conlisa
559 3218 639 3269 sunt.
664 3214 853 3286 Apostolicus
872 3217 984 3292 itaque,
1011 3225 1040 3279 et
1093 3212 1187 3270 stollci
1201 3209 1921 3285 presentiamveniunt,etpedibusejussdsoiiu

209 3296 501 3371 princepsliobertus
513 3300 925 3373 Capuanus,etRomanorum
934 3308 1038 3367 militia
1092 3300 1339 3365 misericordiam,
1356 3304 1470 3372 petunt,
1485 3304 1515 3356 et
1535 3299 1575 3357 ad
1596 3297 1743 3371 pontificis
1762 3298 1921 3370 imperium

208 3386 288 3455 regis
301 3386 466 3443 adventum
475 3388 606 3445 sentiens
615 3394 711 3448 casua
723 3407 828 3450 eorum
839 3395 942 3452 omnia
955 3412 1039 3454 amo·
1092 3404 1307 3469 usquequaque
1314 3387 1482 3445 fleoltlnlur·
1495 3387 1701 3460 Conlimwper
1711 3385 1921 3459 Emsselhfit

247 3514 303 3587 ibt)
317 3516 381 3572 Non
395 3515 445 3585 sic,
462 3519 511 3574 sed
538 3520 572 3574 lle
586 3520 777 3592 Rupecunica,
791 3524 868 3606 quod
883 3524 981 3597 oppidi
993 3531 1037 3583 est
1094 3521 1160 3576 Maii
1176 3525 1270 3577 actem
1296 3521 1494 3586 demonstrat;
1520 3520 1550 3573 in
1578 3533 1666 3588 quam
1691 3515 1816 3588 praefato
1846 3532 1918 3571 anno

210 3587 389 3643 uomenine
411 3588 690 3670 iscopetubllilano.
707 3592 757 3648 llic
773 3594 1036 3655 Richardnslrater
1096 3591 1200 3648 festum
1230 3591 1348 3664 0⁰nlissil
1384 3589 1539 3645 ”Ominicae
1567 3587 1753 3644 ⁸⁸00⁰⁵i⁰⁰5⁸·
1783 3588 1917 3659 flum‘lu‘

209 3605 528 3741 luitflayuu18,quiex
549 3660 684 3728 abellini,
708 3663 887 3738 aliarumque
910 3667 1034 3739 plurium
1095 3661 1224 3719 Falconis
1239 3664 1334 3718 locum
1362 3661 1499 3718 familiari
1527 3660 1557 3714 in
1589 3675 1731 3723 sermone.
1760 3673 1830 3714 meo
1857 3675 1916 3713 ¹⁰⁰·

208 3733 367 3796 civitatum,
383 3731 610 3804 oppidorumque
621 3734 736 3801 comite,
752 3737 808 3793 dux
818 3737 927 3808 Apuliae
942 3741 979 3796 ab
992 3742 1034 3796 ln·

207 3801 350 3867 nocentia,
365 3806 394 3858 et
405 3818 423 3856 a
434 3802 569 3859 Lothario
580 3803 635 3860 luit
647 3805 792 3863 institutus
804 3824 911 3882 3e1que
922 3811 1034 3869 Comite

206 3873 330 3928 Roberto
346 3878 430 3928 natus
447 3877 518 3941 crat,
536 3874 596 3930 fillo
617 3877 738 3934 sanioris
752 3879 865 3936 comilis
890 3881 1032 3953 ltaynulti,

205 3943 337 4014 germani
352 3943 449 3999 fratris
465 3945 599 4018 principis
612 3947 716 4020 Capuae
731 3948 864 4007 Richardi
880 3952 902 4017 l,
917 3958 949 4008 ut
964 3952 1032 4009 alibi

205 4017 249 4069 est
263 4014 382 4071 dictum.
393 4015 514 4070 Prason.

240 4085 298 4157 (55)
317 4086 456 4142 baronius
469 4104 527 4142 uon
539 4087 627 4145 habet
638 4092 667 4142 τὸ
681 4095 779 4157 stante,
796 4095 825 4148 et
843 4091 974 4153 absolute
987 4094 1031 4150 le·

1093 3750 1134 3799 re,
1151 3734 1373 3805 apudamicum,
1390 3734 1563 3803 doctumque
1575 3731 1679 3797 suum,
1700 3733 1732 3786 ut
1743 3745 1824 3811 saepe
1834 3731 1916 3810 etiam

1093 3805 1229 3877 pleraque
1252 3803 1442 3875 elinantiqna
1464 3803 1560 3859 minus
1585 3802 1664 3866 trita,
1689 3801 1729 3856 sic
1743 3804 1837 3856 etism
1852 3801 1915 3856 otini

1092 3877 1284 3941 enarrabam;
1300 3874 1348 3946 qui
1363 3872 1502 3946 applausu
1526 3877 1594 3928 lunc
1619 3890 1671 3928 suo
1696 3888 1792 3927 meam
1810 3872 1914 3953 ample·

1091 3952 1174 4003 xatus
1189 3945 1467 4017 interpretationem,
1478 3944 1573 4000 nescio
1587 3947 1744 4015 curpostea
1756 3958 1825 3998 eam
1836 3960 1914 4013 scrip·

1091 4023 1120 4073 to
1135 4020 1262 4089 uadens,
1275 4033 1327 4089 per
1340 4033 1387 4072 me
1401 4016 1566 4088 proiecisse,
1583 4016 1672 4086 (quod
1699 4029 1757 4070 non
1783 4014 1841 4069 hac
1857 4020 1914 4069 tsn-

1090 4092 1152 4145 tum
1165 4089 1224 4145 rice
1238 4088 1397 4159 commisit)
1409 4086 1613 4153 dissimulavit;
1625 4086 1844 4156 baroniumque
1858 4100 1916 4156 grs-

204 4153 255 4236 git,
278 4156 394 4238 decim
406 4156 449 4211 dte
464 4158 564 4215 mensis
591 4161 675 4227 Juti'r‘,
705 4178 738 4217 ac
767 4162 883 4234 perinde
899 4165 928 4221 id
940 4166 1029 4222 conti·

203 4242 276 4298 gisse
300 4231 409 4283 censuit
435 4245 471 4284 ri.
498 4229 528 4284 ld
557 4228 635 4288 tulii.
662 4232 716 4288 Sed
744 4238 820 4290 certe
846 4236 1030 4293 Innocentius

202 4301 331 4369 captusa
346 4298 467 4370 lingerio
485 4299 539 4355 fuit
553 4316 581 4356 ii.
609 4301 753 4360 Kalendas
776 4306 906 4376 Augusti,
929 4308 1028 4363 decem

202 4372 316 4424 tantum
339 4369 438 4426 diebus
465 4369 532 4426 tulii
546 4372 721 4428 restantibus
736 4390 744 4441 3
760 4390 829 4430 narn
851 4382 951 4448 quarto
973 4380 1028 4444 die,

1090 4159 1238 4216 vissimum
1254 4161 1359 4231 absque
1372 4158 1583 4223 controversia;
1600 4158 1650 4212 sed
1658 4171 1742 4228 quem
1759 4173 1793 4211 ea
1811 4173 1916 4212 nonsa-

1089 4230 1146 4287 mel
1159 4231 1281 4303 fugerat,
1291 4237 1322 4285 ut
1334 4229 1442 4286 dictum
1458 4233 1511 4297 est,
1526 4228 1627 4283 maluit
1640 4242 1726 4308 super
1736 4226 1790 4282 hoc
1799 4226 1916 4307 laudare

1088 4310 1244 4358 auctorem.
1274 4304 1402 4373 integros
1425 4306 1521 4357 autem
1551 4299 1774 4371 uniuscujusque
1812 4314 1915 4355 mensis

1088 4373 1191 4429 diesin
1215 4378 1272 4429 tres
1299 4372 1451 4437 sectiones,
1479 4371 1533 4426 boc
1563 4375 1606 4426 est
1630 4370 1659 4425 in
1684 4369 1745 4423 dies
1766 4369 1913 4433 intrantis,

202 4437 294 4510 inquit
309 4449 478 4513 anonymus
487 4443 600 4499 Cassio.
614 4460 679 4514 pure
700 4445 774 4515 [acu
789 4449 961 4517 confirmavit
983 4452 1029 4505 itti
1044 4457 1066 4517 1)
1087 4444 1244 4501 mediuntis
1257 4450 1285 4499 et
1299 4443 1514 4514 exeuntis,quos
1528 4445 1637 4497 stantes
1650 4439 1913 4521 appellabant,cum

201 4516 287 4566 totum
306 4519 426 4568 terrum:
442 4512 488 4569 die
500 4513 638 4569 nimirum
653 4517 779 4587 predicti
801 4519 908 4575 mensis
920 4535 956 4586 ;a
970 4537 1027 4592 quo

201 4587 300 4637 noster
317 4582 363 4638 die
384 4586 498 4638 tantum
523 4584 677 4657 discrepat.
700 4588 750 4643 Dic
770 4606 841 4656 nero,
860 4590 914 4645 itta
929 4590 980 4653 ait,
995 4593 1027 4648 in

200 4668 253 4780 quc
265 4652 418 4720 predictus
433 4655 603 4724 apostolicus
620 4672 714 4728 pacem
729 4676 793 4716 cum
815 4677 876 4732 repe
889 4661 1025 4733 firmavit,

228 4722 342 4779 ..Jacobs
366 4724 500 4794 [accinitur
520 4727 685 4783 alebatur.
715 4731 851 4794 Quocirca
871 4731 900 4787 in
923 4734 1026 4789 codem

200 4793 322 4851 Falcone
337 4799 405 4850 ante
423 4795 483 4852 haec
502 4799 589 4852 rerba
607 4798 719 4870 legam:
737 4804 795 4857 Reor
819 4804 885 4874 ipse,
912 4809 938 4859 st
963 4804 1028 4863 dux

199 4865 288 4949 fitius·
299 4867 365 4939 ejus,
379 4872 406 4922 et
418 4870 722 4940 prinecpssepttmodie
739 4876 829 4929 stacte
839 4876 938 4930 mensis
949 4876 1027 4932 latii

199 4944 263 4992 ante
277 4939 366 5007 ipsias
379 4940 525 5008 apostolici
535 4942 714 5010 presentium
730 4943 852 5006 nectunt,
869 4961 925 5000 nou
937 4949 1024 5015 septt-

199 5009 362 5064 ciodectmo.
378 5010 433 5066 Sed
446 5009 475 5065 in
497 5011 742 5080 antecedentibus,
759 5018 790 5070 ut
807 5014 875 5080 diii,
893 5015 932 5070 nil
964 5034 1025 5073 niu·

199 5080 331 5134 tandum.
348 5081 466 5137 Necubi
482 5081 517 5138 de
539 5083 640 5138 eodem
659 5084 779 5156 Rogerio
804 5101 869 5158 pag.
894 5086 956 5151 aaa,
976 5088 1025 5159 qui

198 5147 245 5204 die
253 5154 471 5221 septimostuctc
497 5156 593 5208 mensis
621 5156 696 5211 mcii
715 5156 867 5214 Salernum
891 5162 1026 5228 transfre-

199 5222 279 5303 tuoit,
296 5236 381 5301 aquo
395 5221 481 5304 simul
492 5224 553 5280 loco
567 5224 705 5281 Baronlus
722 5228 867 5351 expunxit,
881 5232 909 5281 τὸ
924 5236 1022 5285 stante.

200 5292 275 5346 bane
286 5300 381 5360 querito
391 5293 437 5347 die
446 5301 537 5350 stante
550 5299 649 5350 niensis
658 5297 747 5371 Mcji(
762 5302 871 5355 citasse
882 5315 917 5365 ri,
931 5316 987 5356 non
996 5302 1023 5369 r)

199 5375 248 5415 en.
263 5361 518 5434 transcampana
533 5366 720 5422 constitutum
731 5369 889 5442 principem
906 5370 1025 5426 Richar-

199 5431 266 5486 dum
284 5432 370 5504 bujus
387 5434 514 5490 nominis
529 5436 656 5503 tertium,
674 5455 739 5494 cum
761 5439 839 5496 idem
859 5441 928 5497 dicis
940 5441 1024 5498 Falco

199 5519 232 5559 ac
244 5504 350 5568 subdit,
361 5506 410 5564 die
422 5508 607 5563 decessionis
615 5510 736 5566 Domini
743 5511 842 5582 quinto
857 5513 904 5569 dic
929 5512 1028 5582 ipatus,

196 5574 400 5635 Maiistnntea
415 5579 562 5660 Campano
578 5578 789 5652 archiepiscopo
818 5582 899 5637 illum
927 5599 1026 5640 conse

197 5651 320 5720 matum,
359 5648 457 5727 utique
490 5664 583 5724 ipsam
623 5651 872 5711 consecrationem
903 5653 939 5712 ri
977 5654 1025 5716 dis

1087 4514 1374 4586 olimdistinguerent
1387 4513 1535 4586 (synesius
1550 4512 1632 4583 epist.
1652 4512 1669 4566 4
1685 4509 1783 4566 indies
1798 4515 1914 4566 tautam

1087 4585 1237 4652 intrantes,
1267 4590 1295 4641 et
1318 4589 1453 4642 exeuntes
1478 4583 1611 4656 partitur,
1637 4581 1764 4652 menses)
1792 4582 1831 4637 de
1861 4599 1914 4653 quo

1086 4658 1216 4729 exempla
1242 4659 1309 4711 sunt
1333 4655 1419 4711 nimis
1443 4655 1535 4719 obvia,
1557 4654 1713 4725 priscorum
1742 4651 1915 4708 Latinorum

1086 4730 1193 4795 Nonas,
1206 4728 1281 4792 ldus,
1292 4733 1321 4783 et
1333 4726 1477 4783 Kalendas
1487 4725 1584 4797 aliquo
1605 4728 1691 4849 paeto
1710 4722 1849 4805 ridentur
1871 4741 1916 4779 ro

1086 4800 1172 4856 luisse
1186 4798 1292 4855 imitari
1299 4817 1308 4870 ;
1329 4798 1379 4853 sed
1408 4814 1442 4853 ea
1468 4802 1571 4869 praeter
1586 4812 1657 4851 aias
1685 4794 1817 4874 adhibita
1831 4811 1917 4850 eice·

1086 4871 1183 4943 ptione
1199 4888 1206 4936 ;
1223 4876 1255 4926 iit
1266 4875 1391 4925 stantem
1406 4868 1482 4924 diein
1498 4869 1533 4923 ab
1549 4867 1651 4923 ultimo
1678 4881 1786 4921 mensis
1808 4865 1858 4921 die
1873 4865 1915 4921 di·

1085 4946 1220 5006 stantem,
1233 4958 1290 4997 nou
1306 4958 1323 4996 a
1338 4939 1485 5003 Kalendis,
1500 4943 1529 4993 et
1542 4953 1560 4994 a
1589 4936 1736 5007 prs'ceips‘o
1748 4938 1919 5017 sacoessuri

1085 5014 1201 5079 mensis,
1217 5016 1334 5076 utrem,
1351 5027 1409 5067 non
1424 5010 1497 5066 sicut
1511 5009 1673 5070 docueram,
1699 5007 1822 5086 tradidit
1837 5007 1918 5063 idem

1085 5084 1195 5141 amicus
1210 5099 1301 5149 meus,
1314 5084 1501 5144 denotareut;
1515 5095 1603 5151 quem
1618 5078 1811 5134 differentiam
1829 5078 1917 5133 Falco

1085 5156 1128 5211 rel
1144 5154 1283 5219 nesciens,
1300 5153 1343 5209 vel
1358 5169 1414 5209 non
1438 5168 1553 5215 curans,
1578 5166 1636 5205 non
1659 5150 1772 5204 diverso
1798 5148 1917 5204 calculo

1085 5227 1145 5282 dies
1156 5226 1362 5290 Kalendarum,
1376 5242 1432 5295 quo
1445 5223 1506 5279 dies
1527 5225 1636 5277 stantes
1661 5216 1828 5346 supputavit
1840 5236 1848 5287 ;
1866 5219 1917 5275 Fe-

1085 5302 1218 5368 stumque
1230 5297 1263 5352 D.
1287 5296 1384 5351 tacobi
1409 5298 1431 5349 il
1454 5299 1506 5350 ost.
1528 5293 1665 5349 celebrari
1711 5290 1761 5345 ixit
1786 5304 1826 5345 rii
1843 5290 1910 5346 Kal.

1084 5367 1214 5439 Augusti,
1228 5367 1306 5437 quod
1320 5382 1368 5422 riu
1392 5312 1453 5421 ΜΓ.
1481 5380 1515 5420 ac
1538 5364 1660 5436 septimo
1675 5362 1721 5416 die
1734 5364 1833 5416 stante
1846 5360 1912 5415 tulii

1085 5443 1237 5495 veneratur
1249 5455 1255 5493 :
1269 5439 1307 5493 ad
1324 5452 1432 5493 aunum
1446 5440 1544 5492 tamen
1554 5435 1622 5490 1131
1641 5433 1745 5515 testum
1757 5432 1796 5514 ‚⁸2
1809 5432 1911 5504 angeli

1084 5510 1146 5582 ssgit
1158 5511 1186 5567 iii
1200 5509 1264 5565 Kal.
1281 5509 1410 5566 Octobris
1425 5508 1505 5565 nullo
1517 5522 1613 5565 errore
1626 5522 1632 5561 :
1644 5519 1749 5579 quippe
1755 5504 1798 5560 ibi
1812 5519 1910 5561 resen·

1084 5581 1165 5639 situs.
1178 5581 1299 5638 Prason.
