3884 6050
46 211 95 270 tm
450 206 567 265 uasta
584 200 668 261 ΑΒΒ.
685 188 888 258 radbod-
905 185 975 247 lulB.
992 192 1067 250 X.-
1082 195 1353 261 continuerint.
1697 213 1750 269 (5(

46 334 86 391 sic
108 333 158 390 vel
182 334 238 400 sic,
249 335 283 390 ut
296 330 393 389 solvat
404 329 475 405 plus
491 328 541 387 sel
561 329 711 387 minus-
725 313 913 380 constituittl
928 319 1040 376 runtab
1052 325 1179 397 utraque
1189 332 1273 399 parte
1285 328 1437 399 ingressus
1446 331 1569 390 mucelli
1579 338 1648 392 anta
1657 336 1751 394 ψη

47 422 210 491 cellerario,
227 426 259 479 ut
272 425 354 477 emat
371 420 401 477 in
416 417 571 476 refectorio
588 413 733 475 coclearia
755 413 785 469 et
806 423 875 481 cop-
927 404 1008 463 beati
1023 411 1163 470 Remacli.
1180 414 1234 472 Ubi
1247 415 1343 474 abbas
1358 419 1502 476 tlodullus
1517 421 1591 478 dum
1601 423 1752 483 inbella-

46 527 97 582 pas
107 512 189 583 (359)
204 515 233 568 ιι
248 509 354 584 ciphos
370 507 522 565 tratribus.
927 497 1602 579 unificatatsequentamamtypbonambaculo
1612 512 1754 582 pastorali

80 600 122 658 10.
138 599 232 672 igitur
246 598 322 655 inter
335 598 395 654 ista
407 595 610 667 recolligenda
640 596 670 651 ιι
696 591 747 649 illa
773 586 875 661 acqui·
928 583 1051 643 innixus
1062 595 1162 661 capul,
1173 594 1418 663 quemambsbus
1436 597 1548 667 junctis
1559 601 1679 657 tenebat
1692 615 1755 658 ma·

46 688 137 746 rande
150 694 183 745 ιι
198 687 320 760 singula
332 685 502 744 ordinanda
512 684 586 742 dum
594 678 875 740 miroardoredesu·
927 673 1018 728 nibus
1028 675 1067 731 ad
1082 677 1174 734 altare
1188 684 1279 738 staret
1292 697 1408 749 versus,
1418 686 1679 746 amarissimumet
1688 704 1756 762 pro·

46 777 137 841 daret,
151 791 217 833 non
232 776 357 832 deerant
370 773 412 831 illi
427 774 566 831 maximas
577 770 797 830 tribulationes.
808 766 875 823 Per·
927 760 1029 818 lusum
1040 765 1611 845 proluditiontemlacrimarumprosus
1624 776 1755 833 necessi·

46 862 319 937 monebaturanim
330 878 400 920 eum
411 861 576 919 inhumane
592 859 758 917 advocatus
773 858 876 911 noster
928 853 987 906 lale
1001 866 1063 924 qua
1074 856 1330 925 peregrinabatur.
1347 860 1568 933 revocabatque
1580 877 1650 936 sepe
1664 863 1754 921 beato

46 968 142 1009 comes
158 950 352 1016 Gislabartus,
373 955 403 1008 at
414 950 581 1024 plurimum
592 944 765 1006 advocatrix
779 942 873 1000 comi-
928 937 1753 1024 confessioritlemacloadmemoriameam⁸⁰⁸quamipse

47 1041 113 1097 tissa
134 1039 300 1105 Gertrudis,
316 1039 447 1111 conjunx
460 1038 566 1111 ipsius,
582 1037 623 1094 ita
648 1039 681 1092 ut
705 1031 799 1090 nichil
824 1034 875 1087 aut
928 1041 1020 1083 senex
1032 1035 1060 1085 et
1077 1029 1184 1088 beatus
1196 1034 1294 1091 trudo
1308 1036 1484 1094 adolescens
1495 1039 1628 1095 virentes
1652 1039 1752 1096 adhue

46 1128 253 1202 permodicum
259 1128 286 1184 ei
292 1126 473 1201 relinqueret
480 1127 519 1182 de
529 1124 672 1183 omnibus
679 1120 826 1179 reditibus
834 1118 873 1175 ad
927 1115 958 1172 in
972 1132 1062 1174 carna
1076 1118 1245 1179 habuerant
1258 1124 1529 1185 simulamicitiam.
1543 1127 1687 1186 Pbetiam
1703 1144 1752 1186 ex·

46 1231 110 1273 eum
122 1215 355 1290 pertinentibus,
370 1219 470 1288 preter
494 1227 689 1272 communem
717 1211 830 1266 victum
846 1212 874 1263 at
926 1204 1119 1278 probratinne
1133 1209 1295 1281 objiciebat
1308 1212 1336 1270 ei
1347 1212 1577 1289 consilium,pro
1590 1230 1653 1289 qno
1662 1217 1751 1274 tradi·

46 1306 188 1362 restitum
214 1304 266 1379 qui
279 1303 407 1362 debetur
416 1302 568 1361 iratribus.
584 1304 673 1360 Vetus
687 1304 789 1356 autem
815 1295 873 1352 boc
927 1292 1009 1350 derat
1023 1295 1111 1354 beato
1127 1299 1359 1374 prothomartyri
1373 1302 1523 1375 Stephano
1533 1306 1626 1362 ltcttis
1638 1304 1753 1379 precla-

46 1392 425 1450 cdiomexordiumhabuit
437 1396 596 1464 atempore
608 1388 729 1447 abbatia
743 1383 872 1443 Theode-
925 1383 1211 1444 roboreditatissum
1225 1389 1441 1463 atquelamilire
1447 1407 1593 1464 magnum
1603 1394 1751 1452 stillustra

46 1481 103 1547 rici,
122 1487 249 1555 propter
272 1495 365 1554 quam
388 1478 557 1553 frequenter
585 1482 614 1535 at
634 1478 808 1534 constanter
829 1472 873 1529 eis
926 1471 1153 1541 monimentum,
1167 1491 1237 1534 cum
1252 1493 1313 1534 non
1326 1481 1752 1554 essetmodopresutinurbs,

45 1569 189 1627 restiterat
204 1574 339 1642 tempore
354 1568 504 1640 prioratus
518 1566 577 1633 aui,
592 1571 703 1624 etcum
717 1562 810 1620 modo
830 1559 872 1617 ia·
925 1560 979 1632 qui
997 1568 1183 1622 succurreret
1194 1567 1342 1637 augustiis
1356 1569 1506 1627 nostriset
1519 1570 1656 1628 miseriae.
1673 1572 1752 1639 Quid

45 1663 104 1714 ctus
118 1661 202 1715 asset
213 1654 432 1724 abhas,iortius
447 1662 475 1713 et
485 1654 654 1713 fiducialius
668 1668 723 1725 pro
737 1663 829 1725 posse
843 1652 872 1705 et
885 1650 910 1709 Β
924 1647 1013 1720 plura
1029 1651 1044 1707 l
1058 1650 1176 1709 audivit
1190 1653 1256 1725 pius
1267 1654 1421 1712 confessor
1431 1657 1536 1715 tacitos
1551 1659 1680 1729 gemitus
1689 1675 1752 1717 ms·

45 1747 218 1819 nlnapnsse
229 1744 395 1816 resistebat,
408 1740 807 1818 ubicumquejuraacclasiar
817 1752 870 1795 eos
923 1736 1016 1792 rentis
1029 1739 1127 1795 cordis
1138 1740 1230 1807 illius,
1240 1741 1315 1799 vidit
1328 1744 1469 1816 proluens
1482 1746 1686 1818 perbaculum
1701 1765 1751 1805 us·

45 1833 204 1903 intringere
216 1833 347 1890 ridebat.
363 1833 484 1905 Propter
504 1832 588 1905 quod
612 1835 728 1889 tantum
744 1829 774 1885 in
800 1838 870 1883 aum
923 1825 1433 1899 queinpavimentumlacrimarum
1446 1833 1566 1891 ssluxus.
1580 1836 1749 1894 ttonsolum

46 1922 188 1993 processit
202 1920 341 1979 hminea
353 1921 530 1993 procacitas,
539 1918 676 1977 utmisso
690 1916 808 1974 adeam
821 1913 870 1971 ali·
923 1913 1014 1984 igitur
1025 1914 1064 1972 ab
1074 1915 1284 1975 insidiantibus
1295 1919 1398 1977 abbati
1413 1921 1566 1994 dispositis
1581 1922 1749 1981 latronibus

46 2009 164 2083 mando
177 2010 274 2084 priori
287 2012 392 2067 nostm
407 2009 571 2067 Guederico
577 2006 690 2065 ardenti
698 2001 871 2074 iracumju·
923 2002 1032 2075 aripuit
1043 2020 1113 2061 eum
1124 2006 1155 2062 in
1166 2006 1279 2077 itinere,
1294 2023 1397 2066 serum
1408 2012 1571 2083 precedens
1584 2027 1654 2068 eum
1665 2028 1746 2077 vere,

45 2105 178 2156 rameuto
190 2098 366 2164 minaretur,
376 2097 432 2153 nisi
447 2097 537 2154 etiam
551 2096 723 2154 communis
734 2094 828 2151 victus
842 2082 872 2147 el
924 2107 989 2148 vare
1005 2093 1168 2164 precedens
1194 2110 1265 2152 eum
1279 2098 1392 2169 potenti
1405 2098 1522 2166 virtute,
1546 2114 1671 2157 causam
1683 2099 1747 2172 ejus

46 2188 166 2243 restitus
180 2185 285 2243 abbati
300 2184 460 2247 tolleretur,
471 2184 556 2258 quod
569 2185 694 2241 ιιιιιιιιι
709 2197 771 2240 non
783 2180 871 2238 relin·
923 2179 1083 2239 efficaciter
1097 2183 1266 2255 tlettisagit,
1283 2200 1343 2242 non
1358 2200 1427 2242 cum
1447 2188 1591 2260 episcopo
1599 2188 1747 2246 Albercne

43 2279 190 2347 ῃιηιιιι.
924 2271 1056 2328 secundo
1076 2270 1311 2344 (361),ιιι1ιιιιιι
1329 2273 1420 2332 beato
1434 2276 1673 2349 prothomartyre
1688 2280 1750 2335 Sta·

74 2364 118 2419 11.
132 2364 252 2419 Interea
264 2361 361 2419 abhas
374 2361 505 2420 chustro
518 2361 639 2419 clausus
658 2360 870 2426 tenebatur,re·
922 2359 1025 2432 phano
1039 2364 1129 2433 atque
1142 2376 1211 2418 cum
1225 2361 1400 2420 beatissima
1425 2364 1474 2420 Bai
1489 2366 1630 2435 genitrice
1647 2368 1745 2431 uaria,

42 2448 142 2508 levans
152 2450 212 2507 sibi
229 2450 870 2522 ociumettediumlactione,prosa‚metroet
921 2447 1747 2526 qu'usoracutuminejusdemprothomartyrisecctesia

42 2545 138 2605 cantu,
151 2538 241 2612 quasi
257 2554 319 2595 non
331 2538 465 2596 habebat
484 2555 537 2595 nec
558 2538 690 2596 audebat
710 2553 773 2611 quo
797 2551 867 2610 pro·
921 2535 1053 2606 gloriosa
1066 2535 1236 2609 frequenter
1248 2537 1396 2596 ihusuant
1411 2539 1563 2597 miracula.
1586 2543 1661 2598 Nam
1676 2547 1745 2600 ante

42 2625 865 2700 gradereturdlespsranstandemdeauxiliohominum‚
920 2639 1014 2698 quam
1040 2624 1134 2682 abbas
1154 2630 1384 2685 reverteretura
1406 2629 1496 2686 Mettis
1518 2629 1678 2687 Stabulaus
1704 2632 1745 2688 ad

41 2715 182 2772 converbt
195 2730 229 2771 se
248 2714 289 2772 ad
311 2715 448 2773 divinum
467 2715 675 2789 disposuitque
702 2715 756 2771 iter
777 2728 866 2769 suum
919 2713 1042 2769 beatum
1052 2713 1382 2774 iterumvisitandumet
1392 2717 1542 2774 orandum
1557 2720 1742 2786 tiemaclum,

42 2805 130 2860 {attis
138 2802 221 2859 inira
230 2803 296 2859 dies
307 2803 531 2876 paschales(osr.
544 2807 568 2860 11
578 2804 620 2869 tt,
630 2804 721 2862 llort.
735 2802 792 2873 29),
804 2816 866 2858 non
918 2802 948 2858 in
964 2801 1068 2858 itinere
1082 2800 1254 2858 nuntiatum
1267 2808 1314 2859 est
1325 2803 1364 2868 ei,
1380 2803 1463 2876 quod
1477 2810 1680 2863 mortuaesset
1691 2806 1743 2864 illa

43 2890 481 2966 adaliquemdcminumsuum
493 2891 866 2964 incarncadbuepositnm
920 2889 1059 2963 superius
1068 2888 1149 2946 dicta
1159 2889 1342 2956 advocatrix,
1351 2890 1662 2964 etipsiusetncclesias
1676 2909 1743 2967 per·

43 2980 284 3054 episcopum,sed
294 2980 465 3038 adbeatum
477 2985 729 3056 protomartyrem
741 2979 900 3052 supha-c
920 2979 1054 3038 maxima
1067 2980 1249 3054 persecutrix
1263 2979 1326 3052 (css.
1341 2981 1434 3053 llll).
1455 2981 1626 3040 Advocatus
1639 2989 1742 3042 autem

42 3085 119 3138 num,
135 3068 301 3142 speciatam
314 3069 485 3142 postDeum
494 3069 638 3127 aecclesiae
650 3076 760 3127 nostrae
770 3067 865 3125 domi-
919 3067 1120 3142 Gyslebertus,
1135 3069 1187 3142 qui
1200 3067 1430 3127 inimicissimus
1445 3069 1472 3127 ei
1485 3069 1566 3142 prius
1580 3069 1686 3138 iuerat,
1699 3087 1745 3128 re·

42 3171 109 3213 anm
138 3162 171 3213 et
184 3160 359 3229 ριιιοιιιιιιι.
374 3157 430 3215 Ubi
443 3173 514 3215 cum
528 3163 598 3215 ante
612 3173 702 3231 pares
725 3154 865 3215 ltetensis
919 3171 1007 3215 serso
1033 3172 1052 3213 a
1072 3158 1165 3217 Mettis
1192 3157 1292 3215 statim
1322 3157 1430 3215 obvius
1443 3158 1495 3216 ivit
1506 3159 1600 3216 amico
1611 3159 1696 3217 vulta
1715 3164 1745 3217 et

41 3244 187 3311 ecclesiia
196 3245 376 3311 monachos,
386 3246 520 3313 clericos,
526 3246 630 3314 laicos,
646 3261 770 3304 causam
783 3244 866 3301 itine-
919 3245 1057 3320 supplici,
1072 3247 1252 3319 etquicquid
1263 3246 1295 3302 in
1308 3261 1378 3303 eum
1392 3245 1568 3321 deliquisset
1580 3247 1692 3305 amodo
1711 3262 1745 3305 ιι
1774 3315 1779 3324 ,

42 3332 351 3403 sissuietangustiam
361 3332 865 3408 perorasset,nullumqueposseab
918 3333 1745 3410 libentissimevelleemandarepromisit.sednequehic

41 3420 91 3476 illis
107 3419 175 3478 lieri
188 3419 335 3477 auxilium
348 3421 470 3490 videret,
481 3422 626 3480 convertit
636 3421 866 3480 selacrimabili·
919 3422 1020 3481 adbuc
1029 3423 1173 3480 continuit
1181 3422 1325 3479 sebeatus
1333 3423 1581 3482 Remaclus.ltam
1591 3425 1744 3483 ltcriman·

42 3512 80 3565 ter
90 3524 145 3582 per
155 3513 226 3566 octo
238 3508 304 3566 dies
316 3525 396 3582 quos
405 3510 447 3567 ibi
456 3510 527 3567 iecit
537 3511 574 3567 ad
589 3511 671 3568 beati
680 3511 866 3583 prothomar·
919 3512 1050 3569 nitarum
1062 3512 1267 3569 stiterimanni
1282 3511 1392 3568 multos
1403 3519 1431 3568 ιι
1437 3512 1587 3584 malignos
1597 3519 1626 3571 et
1640 3514 1744 3587 sepius

43 3601 108 3667 tyris
122 3596 516 3672 sulfmfflumdrequentans
527 3604 696 3656 reverenter
705 3599 865 3671 parvulum
918 3601 1067 3658 redivivos
1086 3600 1115 3656 in
1130 3599 1272 3657 abbatem
1282 3603 1407 3657 conatus
1421 3601 1702 3672 potentercontrlvit
1715 3608 1744 3660 et

43 3685 191 3756 quoddam
199 3686 298 3743 beatas
310 3687 697 3761 Harinsempervirginisin
709 3702 746 3744 eo
761 3702 866 3745 mona·
919 3689 1047 3747 abomni
1060 3704 1114 3762 spe
1127 3687 1347 3745 deciderelccit.
1355 3687 1433 3754 Ouid
1446 3688 1581 3745 videlicet
1591 3690 1744 3747 lleriman·

44 3774 126 3829 sterio
138 3775 462 3848 oratorium,tantoquc
469 3775 626 3847 profusiori
636 3775 726 3833 corde
738 3791 864 3833 causam
918 3778 1171 3834 nusadSanctum
1181 3776 1430 3849 symphorianum
1442 3775 1553 3833 insilva
1566 3792 1658 3849 supra
1673 3778 1742 3834 Leo

44 3876 124 3917 snam
137 3861 196 3918 iltis
210 3862 361 3933 mendam
377 3864 592 3930 committebat,
607 3865 731 3938 quando
746 3879 777 3920 se
794 3879 863 3937 pro·
918 3865 1004 3923 dium
1028 3866 1115 3938 juxta
1127 3865 1247 3922 Clarum
1262 3864 1394 3921 moniem
1421 3865 1507 3936 (382),
1522 3864 1597 3921 sicut
1611 3868 1690 3930 ιιιιι,
1709 3879 1743 3922 ιι

44 3947 152 4018 pnlsius
165 3949 303 4006 hnmano
330 3949 504 4008 destitutum
518 3952 630 4009 auxilio
644 3952 862 4010 considerabat.
917 3954 1051 4021 contulit,
1072 3960 1102 4011 et
1115 3953 1155 4010 ab
1176 3952 1300 4022 inguine
1320 3951 1442 4009 inferius
1464 3952 1550 4022 gravi
1568 3952 1742 4010 infirmitate

73 4036 115 4092 12.
131 4036 190 4093 Sed
205 4036 281 4093 dum
292 4036 362 4093 illuc
374 4039 520 4105 transiret,
533 4040 565 4096 in
589 4040 769 4096 monasterio
783 4038 863 4097 beati
917 4045 1083 4113 correptus,
1094 4040 1228 4113 privatus
1242 4045 1286 4095 est
1300 4039 1381 4097 omni
1395 4054 1510 4109 gressu
1526 4040 1627 4109 Longo
1641 4039 1743 4113 itaqua

44 4123 167 4180 bmacti
179 4126 215 4162 Μ
229 4124 391 4183 stabulaus
401 4132 488 4184 nocte
498 4143 560 4186 una
571 4127 677 4186 babuit
692 4128 902 4200 hospitiump
916 4130 1049 4187 cruciatu
1060 4127 1172 4185 ibidem
1187 4129 1374 4184 mortuusest
1387 4125 1557 4200 etsepultus
1571 4126 1632 4198 (oss.
1646 4127 1740 4200 1111),

43 4211 312 4270 &abominarent
329 4229 391 4270 nox
411 4214 463 4273 illa
488 4214 706 4289 solempnitatis
725 4216 863 4273 institute
918 4218 1003 4290 prius
1017 4222 1127 4282 tamen,
1137 4214 1528 4289 quantumfieripotuit‚per
1541 4213 1741 4272 internuntios

45 4313 130 4369 proco
139 4300 226 4374 quod
239 4300 865 4376 beatusttsmactusreacquisieratsibtttsl
918 4305 1020 4363 abbati
1032 4310 1061 4360 et
1073 4303 1214 4361 ecclesias
1228 4300 1450 4369 reconciliatum
1466 4318 1518 4359 sex
1527 4302 1639 4374 quippe
1652 4303 1742 4359 annis

46 4389 230 4445 mandurium
238 4390 507 4464 (santonensem
515 4392 771 4465 archyepiscopus
781 4392 863 4449 Colo·
917 4399 1024 4468 postea
1035 4392 1105 4449 vixit
1119 4405 1212 4465 quam
1227 4389 1324 4446 abbas
1334 4388 1479 4445 Rodulius
1491 4389 1522 4444 in
1534 4389 1684 4446 abbatiam
1696 4389 1739 4446 in·

46 4475 147 4533 mensis
160 4482 339 4550 susceperat
350 4479 388 4536 de
403 4494 497 4537 manu
519 4480 656 4553 lleynrici
674 4480 862 4554 imperatoris
916 4483 1015 4545 travit,
1026 4495 1088 4555 quo
1100 4480 1216 4535 vivente
1229 4477 1302 4535 alter
1321 4491 1479 4548 nunquam
1495 4475 1611 4550 absque
1622 4481 1738 4550 pertur-

45 4564 86 4635 psi
99 4564 200 4622 leodii
210 4565 407 4639 obiitl’oppo
419 4568 797 4641 secundnstunctemporis
811 4568 863 4625 ab
917 4566 1111 4626 bationeiuit.
1139 4565 1191 4620 liic
1205 4568 1236 4621 et
1253 4563 1320 4621 talis
1346 4562 1415 4620 fluis
1447 4561 1542 4620 extitit
1554 4564 1737 4634 nortmanni,

45 4649 513 4729 basibihabebatur,simulqueet
527 4657 730 4713 prumiensem
741 4656 863 4714 tenebat
916 4657 968 4732 qni
983 4672 1061 4713 unus
1072 4660 1101 4712 et
1112 4649 1557 4725 ultimusinitquatnorillorum
1569 4655 1738 4717 ventorum,

46 4739 200 4813 tbbstiam,
214 4756 294 4814 quas
307 4757 402 4816 quam
412 4743 644 4801 irrevocabiliter
653 4743 862 4817 dilapidaverit
915 4754 1046 4821 quorum
1058 4743 1228 4801 turbinibus
1235 4741 1335 4815 agitati
1341 4740 1615 4813 frequenterusque
1627 4740 1670 4796 nd
1682 4755 1741 4797 cm·

46 4825 142 4901 dicere,
154 4830 204 4887 hic
218 4830 280 4887 mei
290 4845 352 4888 non
364 4836 408 4889 est
421 4833 575 4905 propositi.
591 4837 680 4891 Nocte
688 4833 738 4892 illa
749 4836 788 4892 ad
801 4835 861 4908 pri-
914 4836 960 4894 tos
972 4835 1093 4899 inimus,
1113 4836 1143 4890 et
1155 4829 1288 4904 depressi
1302 4843 1401 4902 usqua
1421 4828 1460 4885 ad
1473 4827 1600 4902 abyssos
1613 4827 1741 4887 descan-

45 4918 862 4998 ncssolempnesvssperosamboabbatesalbiseteap-
915 4924 1027 4982 dimus.

45 5004 81 5074 pis
90 5006 237 5079 preciosis
245 5008 354 5081 induti,
377 5009 483 5082 positis
503 5010 627 5069 sedibus
647 5012 759 5069 festivis
777 5012 859 5071 sede·
950 5012 994 5070 13.
1007 5008 1157 5069 numetis
1165 5006 1346 5066 iterimanno
1360 5007 1389 5062 ιι
1401 5002 1540 5062 comitisa
1552 5002 1740 5077 aliquantula

284 5175 291 5188 ‚
717 5110 1054 5174 verminationes.

71 5174 308 5234 msumanus
323 5178 357 5234 n.
404 5177 581 5237 maressa
827 5253 942 5312 Nom

70 5347 128 5408 {trs
157 5346 219 5404 Vas
236 5349 380 5419 potorum
949 5347 1010 5422 (361
1034 5350 1221 5422 imoquarto.

70 5417 130 5487 (itt
159 5416 324 5491 Halmedy.
948 5418 1014 5491 (ass
1034 5418 1193 5476 Clarmcnt.
