3884 6050
163 151 217 212 483
723 137 1050 206 annuntiassem
1069 136 1101 197 S.
1120 139 1302 205 andaonis
1817 142 1877 202 484

165 273 509 349 notarentur‚apudquos
519 271 693 331 remansisse
708 271 921 331 invenirentur.
936 267 990 324 Ite·
1004 263 1029 325 4
1045 266 1227 326 Duraohium
1241 274 1304 328 erat
1317 270 1474 331 4444411444
1488 269 1584 328 444444
1602 268 1751 329 lamberti
1778 269 1878 328 Lora·

164 365 336 424 ducendam
350 363 439 434 igitur
452 378 520 421 eam
535 362 575 421 ad
589 361 692 421 vittam
702 377 773 435 quea
782 361 932 434 iuxtauos
945 359 991 414 est
1044 355 1155 414 niensis
1167 357 1308 419 dominus
1325 361 1365 421 ab
1388 359 1615 434 impugnatione
1631 359 1761 417 cessarit
1773 362 1804 416 44
1832 357 1878 416 ab

166 457 300 526 leugues
310 452 387 524 (tao)
399 451 607 510 decreverunt.
1043 444 1201 504 obsidione
1208 464 1240 505 se
1246 449 1520 523 amovit,promiseo
1527 448 1641 523 sitquod
1651 447 1877 505 Dureehieuses

202 542 374 599 4414444444
391 539 582 599 lovaniensis
594 540 736 597 dominus
752 538 878 597 audieus
892 536 930 595 de
942 535 992 593 de·
1045 533 1138 606 paulo
1151 541 1220 608 poet
1231 537 1258 593 44
1270 536 1308 595 ad
1321 537 1477 610 iusticiam
1488 552 1576 595 suam
1588 536 1878 610 4444444444444444

165 631 304 689 monioso
319 630 405 688 naris
418 629 496 686 41444
510 628 648 695 ridiculo,
672 628 910 701 intruetusquea
924 623 992 684 reli·
1046 639 1113 680 cum
1128 624 1183 682 iste
1195 630 1226 682 et
1234 625 1511 684 eliadedominisst
1524 627 1601 683 inter
1612 625 1753 684 dominos
1765 630 1878 682 traete·

167 719 260 792 glosis
275 718 343 776 44444
356 723 440 776 terrae
453 734 517 776 suas
527 718 565 775 de
586 717 637 775 illo
651 716 775 776 vitando
790 721 819 774 et
828 723 915 774 terrae
930 729 992 771 sure
1045 717 1158 782 444444,
1167 714 1283 785 pedites
1296 719 1326 773 et
1337 715 1458 787 milites,
1468 714 1633 789 peremnia
1644 719 1748 771 nostra
1757 713 1877 770 4444444

167 808 297 868 arcendo
305 808 578 880 monstrato-aliam
587 822 674 865 auam
687 811 717 865 et
729 805 895 865 amicitiam
905 818 991 862 man·
1047 800 1216 873 adiacentia
1227 819 1259 861 se
1273 803 1566 871 diffuderuntvitlas
1578 801 1875 868 444444444444444,

167 892 993 975 datoppidanisuostris,eommonefacienseoshuniliter,
1047 890 1657 968 molendinaetqurecunqueocourrebent
1669 890 1878 950 combustioni

167 989 201 1044 ut
213 999 319 1059 pacem
328 983 420 1052 iilam,
435 997 504 1056 quae
515 983 592 1041 inter
598 983 680 1056 ipsos
690 989 719 1041 et
725 980 995 1041 secratreformata
1048 985 1077 1036 et
1091 980 1248 1053 perditioni
1256 982 1422 1051 tradentes3
1437 982 1610 1040 recedentes
1623 995 1695 1039 vero
1708 979 1878 1055 quartongo

168 1078 198 1133 et
211 1072 409 1131 recrementis
423 1072 553 1139 firmata,
568 1088 631 1129 non
651 1073 847 1143 infringerent
867 1076 897 1128 et
922 1068 995 1127 inde
1048 1083 1067 1125 a
1084 1067 1172 1125 nohis
1184 1070 1404 1145 fuerant‚prout
1417 1072 1525 1144 suique
1536 1071 1726 1142 adjacebant,
1739 1072 1817 1127 inter
1826 1084 1876 1126 se·

166 1162 317 1238 precipue,
327 1160 353 1218 si
367 1160 441 1218 illud
451 1161 736 1220 diaholiludihrium
750 1160 867 1218 vicinias
880 1159 995 1217 aurein-
1048 1156 1406 1235 diviseruntvastataest
1415 1160 1594 1231 gravissime
1607 1157 1801 1230 remporeiuo
1815 1157 1877 1216 ab·

167 1251 286 1312 ferrent.
301 1248 423 1317 Quodsi
440 1249 547 1308 ludum
575 1266 640 1308 4444
661 1249 806 1317 dicerent,
834 1250 996 1322 quererent
1047 1244 1567 1322 batiaetdtreptaomniafratribus
1581 1247 1760 1306 4444444444.
1771 1248 1877 1305 444444-

168 1339 262 1399 auum
274 1354 346 1396 uum
355 1354 416 1412 quo
428 1338 498 1397 inde
510 1338 656 1406 luderent,
682 1338 755 1412 quia
782 1338 807 1396 si
830 1338 908 1395 ultra
936 1337 994 1394 hoo
1049 1333 1090 1390 tio
1101 1334 1159 1392 ista
1170 1335 1223 1394 fuit
1236 1342 1353 1411 quarta,
1369 1354 1447 1413 quas
1460 1338 1539 1396 44444
1552 1338 1587 1395 to
1602 1338 1675 1408 (431)
1696 1351 1795 1394 annos
1809 1334 1880 1393 fecit

169 1426 695 1501 mendaumoommtttersntpeeem
706 1426 873 1501 predictam
882 1425 913 1482 in
923 1440 994 1483 sum
1009 1405 1032 1462 Β
1048 1422 1396 1485 Loraniensisdominus
1410 1427 1557 1484 innostra
1569 1425 1691 1483 abbatia
1706 1426 1744 1463 ⁸⁸⁸
1761 1423 1879 1498 :prima

169 1516 370 1588 effringerent,
383 1519 411 1573 et
425 1516 491 1588 ipse
501 1515 666 1574 vindictam
681 1517 709 1573 in
723 1530 776 1574 eos
791 1514 870 1573 ferro
882 1518 912 1572 et
925 1515 995 1585 igne
1049 1516 1172 1586 propter
1182 1514 1323 1572 comitem
1339 1514 1546 1588 Gyslehertum
1569 1514 1761 1571 dissidentem
1775 1513 1816 1570 ah
1839 1527 1879 1570 44

170 1604 416 1679 exequeretur-‚fd
425 1604 525 1677 ipsum
538 1602 996 1662 mandaveratburachiensihus
1050 1603 1389 1677 propterimperatorem
1398 1604 1818 1677 iieinrieumquartum(ltz);
1830 1616 1879 1659 se-

171 1693 313 1763 dominis,
326 1692 379 1767 qui
388 1696 417 1749 et
429 1692 568 1750 homines
582 1693 648 1765 ejus
656 1692 778 1750 fuerant
790 1692 959 1750 manuatim
967 1694 998 1748 et
1049 1689 1234 1749 condacum
1248 1707 1285 1749 44
1307 1698 1429 1767 propter
1449 1692 1779 1766 4144444444,444444
1804 1693 1879 1748 leo

172 1781 354 1854 interpositis
370 1780 997 1839 sacramentisetdatisobsidihussibicon-
1050 1778 1878 1856 diensemepiscopumitat),tertiaquandopegnatum

172 1868 315 1926 faederati.
331 1871 390 1926 iioo
403 1869 549 1940 numiam
563 1868 795 1940 teretofeoisset,
808 1874 928 1943 spretus
951 1873 997 1927 esf
1050 1872 1096 1925 est
1115 1874 1184 1927 ante
1197 1871 1377 1928 barachiam
1400 1871 1487 1944 (434),
1506 1869 1720 1928 nichilominus
1752 1872 1879 1942 propter

173 1962 235 2016 tam
244 1957 285 2015 ah
298 1956 459 2030 oppidanis
473 1960 583 2015 nostris
593 1973 687 2032 quam
702 1973 721 2015 a
743 1958 997 2016 Durachiensihus
1050 1954 1152 2029 ipsum
1164 1975 1171 2026 ;
1182 1959 1511 2032 quarta,quandointer
1524 1974 1577 2016 444
1589 1963 1635 2017 444
1647 1957 1746 2016 fmdus
1755 1962 1876 2030 ruptum

172 2045 392 2103 dominianam
407 2050 529 2119 propter
544 2050 668 2118 peecata
678 2045 911 2106 inhabitantium
922 2045 999 2103 role-
1052 2048 1173 2117 propter
1187 2047 1333 2103 terrestris
1343 2047 1429 2105 44444
1439 2047 1606 2119 malignum
1620 2046 1795 2105 adrentum.
1808 2046 1878 2103 044-

172 2132 998 2205 nstuominustmmitteresuperloeumnostrumiguem
1053 2146 1107 2190 nes
1119 2134 1184 2190 istra
1197 2134 1327 2204 grandes
1339 2136 1520 2193 44444444444
1540 2134 1627 2192 factas
1655 2139 1724 2191 sunt
1753 2138 1876 2207 propter

173 2226 204 2280 et
214 2220 551 2281 armabovaniensium.
572 2221 618 2279 sd
632 2222 712 2280 hano
733 2221 823 2293 igitur
848 2222 999 2296 plebeiam
1053 2221 1192 2279 comitem
1208 2222 1427 2296 Gysfehertum,
1442 2229 1495 2282 aut
1509 2239 1563 2297 per
1576 2238 1657 2290 eum,
1671 2227 1724 2281 aut
1736 2238 1806 2280 oum
1827 2236 1874 2295 eo,

175 2309 341 2369 fatuitatem
352 2308 490 2382 adjunxit
502 2325 534 2367 se
548 2325 651 2369 eomes
672 2311 865 2384 Gystebertus
895 2316 1000 2369 444144
1053 2309 1185 2381 exeeptis
1199 2311 1364 2369 innumeris
1378 2312 1501 2369 minutis
1511 2327 1590 2386 quas
1603 2311 1700 2371 444444
1714 2325 1874 2384 nunquam

175 2399 292 2474 generis
306 2398 354 2455 sui
374 2398 569 2467 nobilitatem,
600 2399 840 2475 trahendamque
868 2401 1000 2460 decrerit
1052 2399 1193 2458 44444444.

173 2488 277 2547 navim
291 2486 374 2546 illam
388 2492 518 2547 terream
544 2504 642 2562 usque
663 2491 798 2560 Leugues
812 2488 891 2548 41444
907 2492 1037 2591 itura·c
1089 2486 1264 2546 1544444444
1274 2504 1355 2547 4444
1370 2490 1462 2561 (titt)
1480 2489 1554 2564 quid
1567 2487 1657 2546 nohis
1668 2502 1722 2562 per
1733 2486 1878 2545 abbatem

173 2575 276 2637 chium
287 2574 402 2633 villam.
417 2576 502 2644 Quod
515 2582 545 2636 44
569 2575 637 2635 14444
660 2576 741 2636 malo
768 2582 871 2637 nostro
897 2578 1000 2638 omine
1054 2576 1215 2635 flodulfum
1223 2577 1580 2646 accideritneoesserium
1594 2578 1693 2635 sciens
1704 2575 1768 2633 fore
1780 2579 1877 2648 poste

174 2663 340 2722 cumomni
351 2665 573 2738 oppidanorum
586 2670 758 2726 nostrorum
769 2668 960 2727 multitudine
971 2673 1002 2727 44
1054 2665 1095 2721 444
1105 2666 1326 2734 4444414444αοί
1337 2666 1491 2724 memoria
1499 2664 1876 2739 wripiomtndmwwi·

176 2751 290 2824 ingenti
305 2752 541 2812 debachantium
557 2755 782 2814 vociferatione.
811 2759 1001 2829 leuguenses
1054 2754 1150 2811 Homo
1163 2754 1287 2828 quidam
1304 2752 1879 2824 114444444ιί4444444444414444444-

175 2840 1002 2916 oppidani,aostrisprudentioresetLoraniensisdomini
1056 2842 1282 2916 pilerabbatum
1295 2843 1478 2917 subquibus
1499 2847 1705 2901 consenuerat.
1730 2840 1781 2898 itio
1806 2841 1880 2897 dum

178 2929 330 2988 mandatis
341 2930 552 3004 obsequentes,
574 2936 679 3004 portas
696 2949 764 2990 suas
779 2933 959 3002 clauserunt,
973 2941 1003 2993 et
1058 2930 1158 2988 adhuc
1167 2932 1278 2989 4444444
1285 2936 1314 2989 44
1322 2932 1454 2989 dominis
1464 2932 1527 2989 suis
1540 2930 1656 3004 plaeere
1667 2929 1805 2988 familiari
1819 2944 1880 2986 ser·

178 3017 301 3077 infausti
309 3018 418 3078 ominis
426 3023 595 3078 monstrum
604 3020 706 3080 sillam
716 3038 805 3081 suam
819 3023 931 3082 intrare
940 3039 1002 3082 non
1056 3020 1129 3078 vitio
1141 3021 1239 3089 sciret,
1253 3020 1449 3080 familiaritate
1467 3028 1497 3079 et
1517 3020 1675 3080 calliditate
1702 3036 1758 3078 sua
1771 3017 1881 3087 eifeoit,

178 3104 387 3178 permiserunt.
407 3107 602 3166 bovauiensis
631 3125 701 3167 uero
721 3110 865 3168 dominus
879 3127 1002 3184 precum
1055 3110 1139 3183 quod
1151 3110 1188 3167 de
1200 3125 1307 3168 mensa
1314 3111 1437 3168 fratrum
1445 3110 1688 3185 pertemouiturn
1692 3109 1781 3182 iuxta
1794 3108 1882 3182 oppi-

179 3209 305 3253 suarum
322 3195 574 3254 etmendatorum
589 3201 797 3271 contemptum
812 3199 917 3257 nolens
937 3215 1003 3258 esee
1057 3199 1132 3255 dum
1144 3202 1281 3256 nostrum
1303 3203 1333 3256 et
1359 3205 1458 3274 partes
1486 3200 1564 3257 duas
1571 3198 1694 3256 44144444
1710 3198 1749 3255 de
1763 3196 1882 3265 stades,

179 3283 319 3354 inultum,
331 3284 412 3341 diem
425 3285 579 3344 constituit
606 3286 767 3345 comitibus
781 3291 927 3361 tanquam
941 3288 1004 3346 suis
1058 3301 1176 3344 necnon
1191 3290 1221 3344 44
1236 3288 1444 3346 molendinum
1458 3287 1497 3345 de
1520 3290 1665 3360 cotteym,
1681 3285 1764 3359 quod
1796 3285 1884 3343 sofrrt

178 3371 363 3445 hominihus,
372 3374 427 3446 qui
438 3389 536 3448 neque
545 3374 586 3432 ad
592 3375 724 3448 primum
735 3377 886 3449 nequead
899 3393 1006 3436 44444-
1057 3376 1143 3433 omni
1155 3391 1236 3434 anno
1249 3377 1285 3434 44
1298 3377 1427 3444 modios,
1441 3392 1497 3435 suo
1512 3375 1595 3434 fiodo
1609 3375 1735 3433 44444444.
1752 3376 1882 3434 hortuna

178 3459 253 3517 dum
268 3460 321 3517 sed
335 3462 491 3519 necetiam
505 3463 546 3520 ad
564 3463 682 3521 tertium
708 3465 812 3523 444444
832 3465 1003 3524 voluerunt.
1058 3470 1103 3522 444
1117 3466 1239 3523 taudem
1252 3467 1315 3523 sine
1330 3465 1441 3533 liberis,
1456 3465 1559 3523 relicto
1572 3463 1800 3522 usufructuario
1817 3476 1881 3519 sura

178 3549 362 3621 Eduxitergo
372 3552 410 3587 ⁸⁶⁸
424 3555 529 3610 444444
541 3556 630 3610 44444
648 3559 753 3611 eontra
762 3554 1005 3613 normultoemuf·
1058 3555 1153 3621 uxori,
1177 3556 1256 3613 sient
1276 3556 1302 3613 ei
1316 3554 1489 3613 firmaverat
1503 3560 1572 3612 aute
1586 3553 1713 3612 abbates
1727 3558 1756 3611 44
1774 3567 1879 3609 coram

179 3637 315 3696 titudinis
325 3639 487 3698 exereitum
499 3646 685 3700 armatorum
691 3648 754 3700 tam
765 3643 899 3716 peditum
908 3659 1003 3719 quam
1019 3670 1042 3726 ὓ
1058 3643 1182 3715 paribus
1193 3644 1405 3702 suiasmrerit
1417 3649 1519 3702 autem
1530 3642 1610 3699 111444
1624 3640 1722 3700 fratris
1736 3641 1801 3714 ejus
1812 3642 1880 3714 post

178 3726 316 3786 militum.
329 3731 436 3787 ttostro
450 3729 539 3801 igitur
557 3731 670 3804 oppido
694 3732 835 3804 seposito,
855 3737 1003 3806 tanquam
1057 3748 1125 3789 eum
1145 3732 1285 3790 arnulfus
1299 3733 1431 3798 nomine,
1445 3732 1550 3789 441444
1560 3730 1639 3805 quod
1654 3729 1823 3788 avunculus
1842 3733 1882 3786 te·

178 3816 424 3876 firmiusmunito
438 3824 468 3875 et
490 3818 701 3877 bellicosorum
714 3821 873 3879 hominum
900 3821 1003 3894 pleno,
1057 3823 1290 3896 nueratjnsteet
1307 3822 1416 3893 iniuste
1440 3820 1543 3878 fiodali
1566 3827 1596 3877 et
1610 3819 1791 3877 hereditario
1812 3818 1880 3891 jure

179 3905 311 3977 primum
321 3905 469 3978 impetum
483 3907 514 3964 in
526 3908 742 3967 Ituraohienses
756 3909 951 3977 feeitouibus
961 3911 1004 3968 44·
1056 3911 1210 3983 possidere
1226 3927 1234 3978 ;
1247 3914 1408 3983 pauonum
1420 3908 1551 3967 hahebat
1559 3908 1630 3966 inde
1643 3909 1817 3966 advocatum
1827 3922 1879 3964 no·

178 3991 271 4050 riliter
281 3992 497 4061 resistentibus,
515 3996 669 4054 castelium
693 3997 796 4056 nescio
810 4013 915 4072 quere,
931 4014 1002 4056 oum
1057 4003 1152 4057 strum
1167 4000 1308 4057 comitem
1320 3998 1527 4073 Gyslehertnm
1536 4003 1566 4055 et
1579 3997 1758 4070 4444444444
1772 3996 1825 4070 qui
1837 3996 1876 4053 de

178 4087 293 4154 posset,
312 4096 374 4139 non
386 4082 514 4151 obsedit,
539 4086 591 4142 sed
614 4085 691 4142 44444
703 4086 838 4158 leugues
863 4091 892 4145 41
910 4085 1003 4145 Dura·
1056 4087 1181 4160 peribus
1193 4087 1502 4158 habebantur.tonga
1510 4087 1674 4143 interhunc
1682 4084 1839 4142 1444414444
1852 4088 1882 4142 44

178 4170 281 4229 obium
290 4172 485 4245 pernoctavit.
497 4174 631 4248 Cumque
642 4177 778 4248 sequenti
792 4175 841 4234 die
851 4177 1003 4250 applicare
1057 4176 1200 4235 abbatem
1210 4175 1371 4234 flodulfum
1396 4175 1450 4233 4444
1464 4174 1636 4233 decertatio.
1661 4173 1713 4231 ille
1737 4174 1879 4231 ahhatem

178 4261 338 4318 exercitum
350 4259 522 4334 disponeret
538 4267 567 4320 et
580 4278 616 4320 ex
628 4269 736 4336 quator
760 4265 895 4337 partibus
908 4265 1003 4324 assul-
1057 4266 1185 4337 urgebat
1197 4264 1281 4322 falsis
1297 4264 1351 4321 sed
1367 4262 1580 4321 verisimilibus
1604 4261 1826 4320 conditionibus
1851 4263 1881 4319 st

177 4348 769 4423 tumfaeere-habenstentmtngentem
780 4353 1002 4411 multitudinem
1057 4349 1880 4423 4144444444144444,(1444444444444444144,4444444444

177 4438 1004 4516 -supervenitltdelberohetensiumprimicerius,fiiio
1057 4447 1122 4499 4444
1135 4441 1209 4499 44444
1221 4441 1420 4514 legisperitus,
1439 4439 1616 4497 excludebat
1628 4454 1699 4497 eum
1722 4438 1840 4509 legibus
1850 4441 1880 4495 et

177 4526 1003 4602 rumbosaniensisdominiavunoulus,cuiusinterven·
1058 4524 1878 4601 verisassertionibusnonsolumabhisqunavunoulus

178 4617 222 4681 tu,
233 4613 308 4687 quia
320 4614 764 4676 eomitissaftureehiensiserat
775 4634 860 4677 soror
882 4619 958 4692 eius,
972 4624 1003 4677 et
1056 4621 1258 4692 occupaverat
1271 4616 1310 4675 de
1322 4631 1427 4675 mensa
1440 4616 1577 4688 fratrum,
1594 4615 1648 4674 sed
1662 4615 1753 4673 etism
1765 4629 1785 4674 4
1796 4612 1878 4672 hodo

870 4795 987 4853 vittfAE
1001 4794 1203 4855 4404101448.

213 4913 252 4953 ⁸⁰⁸
263 4915 350 4973 Anno
362 4914 570 4975 1144ιὶ411144.
583 4915 720 4988 tsrerpot
735 4916 773 4955 ⁸⁸⁴
787 4917 820 4976 in
831 4932 852 4975 4
866 4917 907 4978 41)
919 4918 1027 4978 desum
1040 4918 1076 4988 D,

957 5044 1072 5102 NOTAE·

213 5218 499 5293 (444)1.4444414444
513 5218 673 5277 Tirlemont
692 5223 721 5277 et
736 5221 879 5279 Sanctum
892 5220 1005 5280 frado-
1058 5224 1230 5303 44441144,
1246 5236 1309 5294 quo
1322 5223 1357 5276 44
1371 5223 1489 5277 tantum
1504 5220 1578 5279 anni
1597 5219 1776 5280 efficiuntur.

176 5304 289 5434 malda
298 5362 331 5418 in
340 5376 468 5420 numero
480 5360 605 5428 errarlt3
618 5361 719 5435 prima
726 5362 853 5421 sanatio
865 5361 944 5421 44444
958 5368 1004 5422 444
1092 5292 1350 5429 lsslqlffetfum
1364 5293 1395 5359 κ’
1409 5292 1454 5348 “⁶

179 5446 261 5492 euno
272 5433 353 5501 1114,
369 5436 479 5509 quarta
494 5431 571 5502 hae,
590 5437 624 5493 ut
639 5448 679 5493 ex
691 5433 882 5508 sequentihus
909 5438 1000 5509 patet,
1090 5436 1156 5509 (444
1180 5432 1283 5492 4144.
