3884 6050
160 152 219 220 res
656 152 788 233 monis
806 160 1373 265 mnsrmmmrrmrnucorr
1802 170 1863 238 rse

157 290 192 348 at
206 290 253 333 ⁴⁸¹¹
275 288 403 360 celabri,
427 294 457 352 et
481 294 582 355 cuncti
597 312 673 370 quos
697 297 781 358 alluit
802 304 890 358 astos
908 294 1023 359 uter-A
1073 302 1118 358 il.
1132 303 1214 377 [cap.
1230 305 1289 381 32]
1300 304 1358 365 Nee
1380 304 1577 381 imperatricis
1592 320 1714 380 quoque
1739 305 1862 378 Agnetis

865 393 947 463 [qna
1037 387 1158 462 diguam
1174 392 1291 453 videtur
1301 394 1474 468 religiosam
1489 398 1587 454 tacere
1595 394 1863 469 devotionemque

162 467 217 535 Qui
231 465 339 528 levaet
359 469 465 530 dextra
487 473 603 533 Latium
629 475 680 515 “¹²
705 477 925 552 circumstrepit
933 477 984 515 ⁴⁸¹⁸
1036 476 1118 538 velut
1144 480 1236 540 altere
1263 484 1367 556 regina
1386 484 1477 553 saba,
1501 482 1669 542 Salomonis
1689 482 1810 541 altadus
1832 482 1865 545 et

827 565 947 643 [omnes
1037 568 1159 628 alterins
1171 571 1276 646 templi
1290 588 1403 645 magno
1414 572 1532 631 videndi
1545 572 1696 630 desiderio
1710 572 1809 639 ducta,
1824 588 1864 630 ex

163 646 986 728 lpsaquecarlestiam⁴⁸¹⁸secrisprocernmmonumentis
1037 658 1145 717 ultimis
1158 661 1218 719 buo
1243 663 1407 720 Germania
1433 661 1547 720 tinibus
1564 660 1744 730 adventavit,
1758 675 1794 719 ae
1808 676 1864 735 per

161 737 268 802 Rome,
280 736 364 795 Petro
378 737 532 814 Pauloque
547 747 654 814 potens
665 759 816 805 rarescere
828 743 950 817 gaudet,
1038 748 1168 806 medium
1178 749 1340 808 iermeistic
1351 749 1864 825 annispatiumcommorans,multo

161 824 239 883 llilia
249 825 428 899 profundens
441 828 482 885 ed
497 845 609 905 moenra
620 832 671 871 “¹⁶
684 832 764 892 celsa
787 833 896 892 casim.
1039 836 1253 911 msj0rade⁸¹⁸²
1266 839 1314 896 bis
1325 839 1554 913 quassuperboc
1566 838 1633 896 loco
1646 837 1748 896 audito
1762 853 1864 911 perce·

162 913 260 971 Vincit
269 913 324 972 iter
337 915 446 975 duram
460 916 556 991 pietas
569 924 689 978 emoret
702 922 753 960 “¹⁸
765 920 925 990 Benedicti,
1038 930 1133 1001 peret,
1147 931 1209 984 mm
1224 928 1391 986 secundum
1411 930 1504 985 usum
1519 944 1608 1002 quam
1623 926 1865 985 secundamsecu

163 1003 296 1062 vincitet
307 1003 390 1064 alma
404 1006 497 1068 fldes:
514 1022 646 1082 praesens
660 1009 752 1085 (1088)
768 1012 847 1069 Deus
863 1011 915 1049 ⁴⁴¹¹
929 1025 988 1069 om·
1039 1013 1098 1071 lum
1109 1031 1140 1072 se
1151 1017 1188 1051 “¹¹
1209 1016 1307 1074 videre
1329 1016 1482 1088 gaudebat
1506 1022 1535 1074 et
1559 1014 1713 1073 asserebat
1730 1033 1742 1080 ,·
1757 1015 1865 1073 merito

713 1098 889 1175 [nibusistic
901 1099 951 1138 “¹⁸
1040 1118 1164 1162 censens
1177 1108 1206 1163 et
1219 1104 1331 1173 locum,
1346 1112 1376 1162 et
1390 1110 1516 1177 petrem,
1527 1109 1557 1162 et
1568 1103 1672 1162 iratres
1690 1119 1745 1178 per
1767 1106 1866 1161 totum

164 1180 309 1249 Creditur,
323 1186 352 1240 et
365 1183 479 1241 summi
489 1184 664 1243 Benedictus
679 1187 775 1259 gloria
788 1187 905 1246 Christi.
1041 1193 1146 1251 orbem
1155 1194 1202 1251 sni
1211 1191 1866 1252 ordinisbominibuscelebriorasbebendos.

164 1269 302 1329 ΛΜΨ
312 1271 377 1329 <¹10⁸
391 1271 510 1344 ¹¹¹⁸ssssst
521 1272 686 1332 001⁰bfflt¹¹r
695 1276 832 1344 wstburi,
846 1291 953 1334 ⁰m1¹8⁸
1042 1280 1152 1341 Obtulit
1165 1284 1262 1339 autem
1275 1280 1362 1338 beato
1382 1279 1540 1339 Benedicta
1572 1284 1662 1355 prout
1679 1279 1868 1354 augustalem

166 1360 239 1418 Vota
254 1360 356 1418 dicant
365 1360 458 1418 sacris
468 1368 534 1420 reta
545 1363 692 1438 postibus,
704 1364 808 1425 omnia
822 1365 955 1440 gaudent
1041 1369 1217 1441 dignitatem
1226 1369 1350 1428 decebat
1360 1369 1439 1427 dona
1450 1368 1621 1441 magnifica,
1634 1367 1869 1442 idestplanetam

165 1450 453 1508 renuameteoeri.
1043 1458 1193 1533 diasprum
1222 1464 1259 1500 ω·
1288 1461 1382 1517 mum
1414 1457 1549 1532 uncique
1570 1472 1644 1515 euro
1667 1460 1869 1525 conexum

167 1542 226 1598 llos
244 1553 364 1614 quoque
387 1538 487 1597 felices
506 1540 618 1615 quibm
645 1543 734 1602 istum
764 1557 885 1602 cernere
911 1542 992 1601 Chri·
1043 1547 1145 1606 mbam
1159 1548 1231 1606 *Μ
1251 1546 1385 1622 scapulis
1412 1550 1441 1605 et
1466 1545 1571 1620 capite,
1586 1562 1623 1603 ac
1637 1545 1780 1604 manibus
1797 1544 1870 1602 irisc

805 1632 938 1709 [stustm
1005 1636 1184 1714 gdecenter
1194 1637 1234 1675 ⁴⁰⁸
1251 1642 1429 1702 ornatam,a
1444 1634 1573 1709 pedibus
1586 1650 1658 1692 vero
1680 1633 1770 1692 frises
1780 1633 1872 1691 nichi-

168 1719 202 1776 ΕΙ
216 1716 364 1776 celebrare
376 1715 457 1775 diem
471 1717 585 1787 tribuit,
601 1722 744 1795 tantoque
753 1726 880 1795 patrono
1045 1724 1178 1784 lominus
1189 1723 1268 1793 lists,
1284 1739 1456 1781 mensuram
1469 1723 1562 1781 terme
1575 1722 1665 1781 cubiti
1675 1723 1704 1780 in
1715 1722 1872 1780 latitudine

169 1804 299 1873 Gratari,
312 1810 341 1863 st
353 1806 436 1865 latos
445 1809 487 1849 “²¹
496 1809 572 1867 inter
583 1809 714 1881 gaudere
726 1810 885 1870 tumultus.
1045 1814 1160 1873 babens
1171 1813 1388 1872 circumdatam
1402 1811 1573 1887 ;simulqoe
1587 1817 1616 1870 et
1631 1812 1784 1870 'amictum
1807 1827 1873 1869 oum

168 1896 312 1954 l’rreterea
325 1898 369 1939 ⁴⁰¹
391 1895 536 1954 infidelem
558 1903 637 1956 certe
656 1899 784 1973 quisque
811 1916 843 1957 se
864 1899 992 1969 credere,
1045 1903 1152 1962 brasio
1166 1886 1325 1975 ;pluviales
1338 1901 1416 1959 duos
1428 1917 1602 1975 purpureos,
1618 1901 1755 1976 pretiosis
1774 1897 1873 1958 aureis

169 1985 314 2044 miserum
327 1984 447 2058 penitus
460 1986 613 2056 restimnre,
630 1987 757 2046 sitantre
787 1988 995 2048 sollemnitatis
1047 1992 1120 2050 listis
1133 1991 1363 2061 ornatos';nec
1376 2005 1436 2048 non
1452 1996 1481 2048 et
1494 1989 1619 2063 pallium
1640 2005 1781 2062 magnum
1801 2004 1873 2046 eum

169 2073 216 2132 rel
229 2073 282 2131 dni
296 2073 481 2132 tandemnon
495 2079 645 2148 satageret
656 2076 806 2135 iuteresse.
833 2079 875 2135 lix
884 2092 921 2135 ec
927 2078 995 2151 jam
1047 2080 1192 2149 elefantis,
1204 2080 1288 2155 quod
1300 2079 1419 2138 dorsale
1432 2081 1482 2118 “⁸⁷
1496 2080 1722 2152 cognominant
1743 2079 1875 2149 brenga-

168 2178 223 2237 per
235 2167 332 2220 totum
347 2161 409 2219 iere
422 2164 466 2202 “¹¹
484 2163 680 2221 christianum
698 2165 804 2223 orbem
821 2165 996 2238 ooepitoelc·
1048 2170 1121 2228 lium
1134 2186 1204 2228 cum
1218 2169 1319 2228 tabule
1333 2168 1408 2226 insili
1422 2168 1460 2226 ds
1470 2172 1605 2240 argento,
1617 2184 1707 2242 opere
1719 2164 1875 2243 qgnagliio

168 2250 283 2309 britatie
298 2250 493 2322 tautmgloria
514 2251 671 2324 divulgari,
697 2268 734 2311 ex
759 2258 829 2311 lunc
846 2253 996 2312 isteloous
1049 2258 1303 2335 pulcherrime⁴⁴¹⁸
1313 2257 1467 2315 deaurato.
1481 2258 1545 2314 Duo
1555 2271 1679 2331 quoque
1690 2254 1877 2315 candelabra

168 2339 285 2398 liceteb
296 2339 368 2399 olim
385 2338 532 2398 &redimi
558 2341 651 2415 petris
675 2341 787 2401 meritis
801 2342 936 2401 lamosns
960 2359 997 2402 ac
1050 2351 1290 2421 argenteamque
1304 2345 1415 2413 insilia,
1431 2344 1533 2419 pondo
1547 2344 1694 2404 librarum
1709 2346 1755 2404 lt.

170 2428 281 2488 nobilis
296 2428 390 2495 inerit,
410 2427 539 2487 nobilior
561 2428 657 2488 multo
681 2446 718 2488 ac
733 2430 893 2503 gloriosior
906 2431 997 2506 coepit
1105 2436 1264 2492 'Pannum
1278 2434 1476 2491 diarodanum
1485 2432 1699 2491 irisatumcum
1713 2447 1788 2490 auro
1804 2433 1879 2490 ante

170 2517 287 2585 baberi,
301 2516 721 2592 patrisquellesideriinomen
734 2520 817 2594 apud
835 2521 997 2596 plerosque
1121 2506 1230 2564 sattim
1240 2504 1359 2578 ffl⁸i⁰li⁵
1367 2504 1474 2563 »81ῑᾶἥῦ
1487 2504 1552 2562 OM·
1567 2507 1595 2560 ²·

168 2607 233 2682 jam
246 2607 363 2663 dudum
373 2621 519 2678 magnum
527 2611 557 2664 et
565 2606 691 2679 celebre,
701 2608 997 2684 celebrinsdainceps
1057 2674 1067 2680 ,
1086 2612 1130 2671 al.
1145 2611 1228 2687 [Cap.
1244 2609 1301 2676 ta]
1319 2609 1398 2667 Libet
1413 2624 1491 2667 nunc
1512 2615 1581 2684 post
1601 2607 1735 2667 ecclesias
1757 2606 1881 2667 dedica·

107 2774 111 2777 Α
171 2712 206 2755 ec
218 2695 406 2769 nobiliusper
420 2694 758 2755 melaenummtumw
777 2697 997 2774 diffundipro·
1050 2701 1162 2761 bouem
1175 2699 1296 2757 residua
1313 2699 1503 2756 exornatonie
1529 2697 1626 2772 ipsius
1650 2696 1827 2762 describere,
1847 2699 1882 2755 nt

171 2784 280 2843 dentire
297 2783 432 2841 simulac
458 2782 609 2858 religionis
629 2785 771 2843 maximas
793 2786 833 2843 ab
854 2787 998 2846 omnibus
1050 2789 1183 2848 licentius
1201 2787 1344 2860 deinceps
1358 2786 1513 2844 valeamus
1526 2784 1668 2844 Desiderii
1690 2784 1790 2856 gestis,
1815 2788 1881 2842 tam

172 2873 340 2949 predicari,
354 2871 558 2947 omnibusque
573 2873 667 2946 ipsius
689 2875 828 2949 temporis
837 2875 997 2934 abbatibus
1050 2877 1078 2936 in
1089 2876 1221 2936 aediliciis
1230 2891 1322 2949 qnam
1336 2878 1365 2932 et
1377 2873 1409 2932 in
1435 2874 1500 2932 aliis
1525 2871 1711 2947 quibuslibet
1725 2873 1790 2946 ejus
1826 2873 1880 2909 ‘⁴⁸'

171 2961 282 3036 ubique
306 2961 440 3018 locorum
465 2963 557 3036 etque
570 2962 612 2999 “³⁸
624 2966 771 3021 terrarum
789 2962 829 3021 ab
854 2964 998 3022 omnibus
1010 3008 1037 3073 G
1051 2962 1272 3039 magnificentiis
1285 2978 1406 3036 operam
1417 2961 1500 3021 dere.
1514 2960 1559 3018 dd
1573 2960 1774 3036 supradictam
1787 2959 1882 3034 igitur

171 3050 352 3110 censebatur
363 3049 430 3122 iare
444 3050 586 3124 praeterri.
599 3050 712 3109 Partim
741 3052 833 3124 igitur
848 3052 997 3112 desiderio
1051 3055 1165 3128 regiam
1180 3051 1444 3125 urbemquendam
1455 3051 1492 3108 de
1503 3050 1646 3109 iratribus
1655 3047 1883 3107 cumlitterised

173 3138 359 3198 besiderium
373 3137 498 3204 usendi,
512 3138 623 3213 partim
650 3154 719 3197 vere
747 3140 849 3214 templi
863 3145 923 3199 tam
934 3141 998 3199 vul·
1052 3145 1273 3217 imperatorem,
1287 3145 1394 3197 eteuro
1402 3138 1519 3208 triginta
1529 3143 1557 3197 et
1570 3137 1772 3196 sexlibrarum
1778 3138 1880 3212 pondo

174 3230 234 3303 goti
244 3234 366 3302 tamque
377 3228 421 3265 “⁸⁸
435 3226 560 3285 celebris
573 3227 733 3286 contuendi
757 3231 808 3297 “¹·,
830 3230 936 3304 partim
948 3230 998 3287 de·
1052 3225 1267 3295 benemiiteus,
1278 3244 1401 3286 auream
1418 3226 1457 3284 ibi
1480 3227 1511 3284 in
1539 3227 1638 3285 alteris
1651 3227 1726 3285 lacis
1745 3224 1882 3284 tabulam

173 3319 266 3392 nique
279 3317 311 3374 in
329 3316 388 3374 boo
402 3319 591 3373 sacrosancto
602 3315 741 3374 coenobio
749 3318 961 3386 conversandi,
970 3323 1000 3376 at
1052 3316 1297 3391 eumgemmisac
1311 3315 1517 3374 smaltisralda
1528 3315 1789 3391 speciosispetrari
1796 3327 1884 3372 man·

174 3408 236 3463 lieo
243 3403 347 3478 quoad
358 3403 491 3461 viverent
510 3402 666 3469 serviendi,
695 3403 783 3463 multi
796 3421 833 3464 ex
850 3405 949 3463 multis
970 3411 1000 3466 et
1053 3408 1154 3480 davit3
1167 3405 1280 3481 quibus
1291 3404 1428 3462 videlicet
1442 3403 1558 3462 smaltis
1579 3403 1741 3462 nonnullas
1760 3402 1882 3477 quidem

175 3493 294 3554 extimis
307 3496 447 3550 amarum
461 3491 666 3566 pertibusbuc
689 3497 844 3567 ooepernnt
870 3495 911 3532 “¹⁷
929 3511 1001 3554 con·
1054 3512 1091 3555 ex
1105 3493 1271 3565 evaugelio,
1287 3492 1347 3550 lere
1358 3497 1458 3551 autem
1473 3507 1580 3550 omnes
1593 3488 1884 3550 beetiBeuadictimi·

176 3582 280 3649 iluere,
295 3582 324 3638 et
333 3578 478 3654 hylariter
495 3580 648 3639 Desiderio
659 3582 1002 3655 recipiente,iactumest
1055 3582 1224 3642 reeulorum
1239 3579 1373 3651 insigniri
1393 3579 1462 3637 iecit
1482 3578 1632 3638 historias.
1645 3581 1740 3647 Quem
1751 3579 1884 3654 proiecto

177 3667 516 3742 utintraipsumierme
534 3668 690 3727 biennium
717 3670 757 3729 ad
770 3671 934 3730 secundnm
948 3674 1004 3733 cir·
1056 3673 1245 3729 tu‘nostrum
1277 3668 1457 3726 confratrem
1486 3668 1649 3743 imperator
1683 3671 1821 3726 Romano
1838 3667 1882 3707 *Μ

178 3760 250 3819 citer
263 3757 467 3816 centenarium
481 3757 723 3828 congregationis
731 3757 790 3817 loci
801 3760 893 3834 bajus
908 3777 939 3819 se
950 3778 1005 3820 nu·
1057 3760 1148 3818 nimis
1158 3757 1322 3816 honorifice
1337 3755 1478 3828 suscepit,
1509 3762 1538 3815 et
1557 3756 1694 3831 quandiu
1718 3755 1758 3814 ibi
1773 3755 1887 3815 mansit

177 3846 473 3921 merusporrexisset.
496 3848 564 3905 lem
577 3862 649 3905 saro
687 3847 876 3907 diversorum
897 3866 1005 3923 regum
1058 3849 1183 3907 honeste
1197 3861 1265 3903 cnm
1278 3845 1342 3902 suis
1355 3844 1497 3902 omnibus
1512 3850 1739 3918 reverenterque
1749 3843 1887 3903 tractuit

179 3942 270 4012 etque
283 3935 450 4010 potentium
463 3941 527 3992 tam
548 3935 592 3972 “ss
618 3934 786 3994 Italicorum
812 3955 904 4013 qnam
916 3939 1007 3998 ultra·
1060 3941 1088 3996 et
1101 3933 1244 4012 quidquid
1254 3949 1380 4007 operum
1394 3936 1434 3971 “⁴¹
1448 3932 1522 3990 inibi
1542 3932 1627 3991 vellet
1648 3932 1775 4006 efficere,
1790 3933 1886 4006 impe·

180 4031 401 4090 montanorum,
418 4024 1005 4098 quamqueatiam⁸¹¹⁹transmarinorum
1059 4024 1164 4083 rislam
1185 4026 1215 4082 et
1245 4021 1395 4080 licentiam
1417 4020 1645 4096 lacultetemque
1673 4024 1713 4063 ⁸⁸⁴⁸
1738 4021 1887 4080 concessit

180 4117 312 4190 quantus
325 4114 365 4150 “⁸⁰
378 4111 456 4170 circa
464 4112 596 4172 eundem
605 4112 805 4172 venerabilem
813 4120 929 4190 patrem
948 4132 1007 4174 om-
1060 4113 1139 4172 lecit
1152 4112 1253 4185 itaque
1267 4116 1296 4168 et
1308 4109 1454 4167 cancellos
1485 4115 1627 4183 quattuor
1657 4109 1760 4168 lussses
1773 4126 1810 4167 ex
1826 4125 1889 4167 aare

179 4204 255 4279 perit
264 4200 369 4260 baberi
383 4202 515 4260 amor⁴⁰¹
533 4201 641 4275 pariter
654 4217 690 4261 ac
702 4200 833 4271 devotio,
855 4203 1006 4278 supplices
1060 4208 1130 4262 ante
1144 4201 1236 4259 altare
1250 4198 1441 4257 scilicethinc
1454 4198 1525 4256 inde
1539 4200 1615 4257 inter
1638 4199 1764 4257 chorum
1779 4202 1808 4258 et
1833 4197 1888 4256 ad·

182 4290 303 4349 meum
330 4289 433 4347 littera
458 4291 488 4347 et
506 4304 631 4347 munera
652 4289 789 4348 decentia
808 4291 1006 4364 usubnntus,
1023 4258 1131 4350 ”itum
1144 4286 1450 4353 statuendos,trabem
1463 4302 1586 4361 qnoque
1602 4286 1890 4346 nichilominustusi-

184 4379 339 4455 quibusse
367 4393 498 4452 suosque
527 4393 635 4436 omnes
663 4383 726 4436 tem
744 4378 806 4436 suis
832 4395 926 4454 quem
950 4379 1008 4440 ira·
1060 4381 1120 4439 lem
1134 4379 1175 4415 “⁶⁴
1192 4390 1398 4443 anseranum
1425 4374 1611 4434 candelabris
1636 4390 1763 4434 numero
1796 4376 1841 4441 50,
1856 4376 1891 4432 iu

184 4473 264 4527 bum
277 4466 556 4540 subeodegentium
562 4466 704 4542 precibus
713 4467 1009 4529 attentiusccmmen·
1061 4466 1172 4543 quibus
1186 4464 1288 4537 utique
1302 4463 1425 4521 totidem
1440 4463 1518 4522 cerei
1529 4480 1582 4538 per
1602 4463 1776 4522 lesbritates
1790 4461 1892 4538 praei·

184 4556 308 4615 dabant.
1063 4556 1335 4631 praeponerentur,
1348 4550 1542 4626 lampadibus
1556 4553 1658 4611 subter
1667 4552 1793 4610 inaneis
1802 4551 1891 4610 uncis

865 4679 985 4740 VAlllAE
1004 4680 1206 4742 lectiores.

233 4803 277 4846 “¹¹
291 4800 388 4861 ecel.
402 4799 488 4859 Post.
540 4801 585 4845 ⁴⁴¹¹
598 4800 723 4860 riserat⁸
778 4803 825 4846 ⁴⁴¹⁸
839 4800 1135 4861 circumsonetunde
1148 4799 1232 4859 Post.
1287 4795 1494 4856 “¹‘ccelestnm
1508 4801 1534 4858 3.
1547 4798 1671 4857 Pence.
1725 4799 1770 4842 “¹⁸
1783 4798 1891 4857 amose

186 4875 322 4936 mtiolre
335 4872 413 4932 Post
465 4871 509 4910 “¹⁸
523 4873 626 4931 omnia
638 4872 743 4930 Christi
761 4874 848 4931 Paul.
902 4875 945 4916 “¹⁷
959 4872 1040 4934 det.
1094 4875 1138 4917 “¹⁸
1151 4871 1196 4930 isti
1209 4870 1237 4929 3.
1292 4871 1335 4910 “¹⁹
1350 4869 1437 4927 llum
1454 4869 1641 4927 -tumultus
1650 4869 1750 4928 wast
1762 4872 1790 4927 2.
1845 4871 1891 4910 ⁴¹¹·

187 4962 301 5006 coram.
317 4944 352 5001 Et
364 4960 390 5001 c.
403 4941 435 5001 d.
449 4942 538 5001 datur
568 4949 597 5002 at
626 4947 760 5017 spectare
828 4944 905 5002 boni
918 4944 1045 5003 Prome
1059 4942 1268 5026 prostratique
1282 4940 1346 5024 suis
1359 4944 1422 4997 tam
1435 4940 1563 5013 grandia
1575 4940 1689 5022 Christo
1708 4942 1786 5024 (irat.
1807 4940 1890 4999 Post.

187 5019 230 5055 “³¹
243 5016 328 5074 lretns
343 5016 372 5072 t.
425 5014 545 5072 “¹²odd.
556 5017 583 5073 t.
620 5016 665 5057 ⁴⁸¹⁸
677 5020 697 5072 t.
713 4960 827 5073 ‘mqe
851 5018 893 5056 “⁸⁴
906 5013 926 5071 l.
937 5030 998 5073 non
1014 5016 1108 5073 solum
1119 5015 1151 5073 in
1160 5010 1397 5072 occidentalibus
1411 5016 1440 5069 et
1462 5011 1655 5095 casualibus
1671 5011 1817 5087 partibus,
1836 5011 1892 5069 sed

189 5093 219 5145 et
232 5085 432 5214 perquemt
447 5086 546 5196 abed3
579 5087 831 5196 “³⁸ettemc.qql.
866 5088 910 5128 “¹⁸
924 5087 1158 5201 mnbnueuqinl
1184 5085 1226 5126 “¹¹
1242 5082 1417 5212 ecepuqqedgi¹
1436 5083 1497 5210 οἵ·
1513 5087 1719 5210 &agrosque
1742 5098 1833 5141 sexus
1880 5116 1890 5137 .

189 5156 1345 5359 ra‘dd‘ffl‘dpdff‘idtdsss‘.
1360 5241 1390 5298 Ρ·
1410 5159 1456 5283 ³⁶·
1474 5195 1538 5266 '‘⁴''
1551 5158 1831 5283 ΜἫ·
1846 5221 1890 5282 ⁶⁶·

986 5423 1100 5483 Nom.

227 5548 323 5625 (aaa)
342 5548 478 5609 Persem
491 5576 526 5593 -
538 5545 740 5623 Christispud
748 5545 907 5607 Paulinum
920 5558 984 5604 nou
993 5542 1105 5603 tareni.
