3884 6050
23 251 106 314 tait
766 243 988 316 maculent.
1658 255 1735 322 libi)

22 386 131 441 conus
144 398 186 450 se,
197 387 226 441 et
240 399 311 441 suos
324 383 479 451 obsistere,
487 388 517 442 at
527 384 641 458 Apuliae
653 383 787 442 civitates
793 387 855 441 tue·
870 384 895 450 Α
909 382 1052 440 omnibus
1062 384 1122 442 suis
1147 387 1382 462 circumquaque
1404 387 1595 445 manantibus
1618 387 1735 457 direxit,

22 471 194 540 ri,consilio
202 474 433 540 communicato,
443 473 650 547 castellaque
662 474 855 547 compraban-
910 476 943 530 ut
957 472 1049 529 armis
1060 474 1217 534 eductisad
1231 476 1496 535 aumconveniant.
1509 476 1624 534 Litteris
1633 477 1735 551 itaqua

23 561 120 633 derat,
136 561 279 619 militibus
290 567 320 620 et
330 562 403 620 viris
414 563 537 622 armatis
545 563 855 631 muniri,etobservari
909 561 975 633 ejus
987 564 1117 636 acceptis
1132 564 1171 622 ad
1185 564 1342 639 imperium
1354 566 1420 637 ejus
1436 566 1719 639 obtemperaverunt
1727 585 1736 640 ;

23 650 190 721 mandavit,
205 652 310 724 etipse
323 667 376 710 rex
390 652 544 710 salarum
571 652 665 712 adivit
691 652 855 726 disponens
908 648 1019 708 deinde
1033 666 1085 708 rex
1098 654 1304 726 ipsaexercitu
1323 661 1503 726 congregato
1537 655 1737 712 Beneventum

22 738 67 796 ad
80 738 211 798 Siciliam
222 740 339 808 reverti,
346 756 441 814 quam
450 741 680 816 longotempore
689 741 852 801 dimiserat.
907 738 999 807 venit,
1015 744 1044 797 ιι
1058 739 1101 797 ιιι
1113 747 1216 803 contra
1230 743 1364 802 inimicos
1378 743 1597 817 expugnandos
1617 742 1738 802 landua-

23 830 63 885 at
76 827 140 886 dux
158 828 333 887 nominatus
349 830 458 888 lteram
481 831 645 903 descendit,
670 835 700 889 et
721 832 855 890 marinos
907 835 958 894 vlt

22 916 102 975 linas
116 917 257 991 visitavit,
271 919 420 992 populum
429 935 552 978 omnam
565 920 724 987 hortando,
740 925 774 979 ut
786 925 855 979 tem·
944 927 1004 983 lloc
1016 940 1096 984 anno
1111 942 1140 983 ιι
1153 923 1277 983 Kalend.
1290 923 1306 979 J
1309 921 1380 988 unii,
1394 936 1483 980 mons
1498 919 1557 988 ille,
1575 919 1627 993 qui
1645 934 1738 994 prope

22 1020 100 1080 pore
110 1012 293 1081 opportuno,
308 1007 420 1066 viribus
435 1011 568 1083 sumptis,
594 1015 623 1068 et
634 1010 737 1077 umis,
751 1013 856 1070 contra
908 1013 1061 1073 civitatem
1073 1014 1228 1087 Neapolim
1237 1027 1303 1070 esse
1311 1010 1477 1078 videbatur,
1483 1009 1584 1080 iguem
1591 1008 1736 1077 validum,

22 1110 129 1166 regem
141 1096 297 1170 obsistant,
306 1098 360 1171 qui
373 1098 565 1172 unanimiter,
586 1103 615 1157 et
629 1099 720 1158 corde
732 1099 853 1167 devoto,
908 1106 939 1159 et
949 1102 1090 1162 flammas
1103 1103 1233 1161 visibiles
1250 1100 1386 1176 proiecit,
1400 1115 1454 1172 per
1469 1099 1533 1156 dies
1545 1104 1622 1163 octo,
1645 1097 1686 1155 ita
1706 1103 1739 1155 ιιι

22 1185 223 1258 Paratosiore
242 1185 445 1245 clamitabant
908 1190 1083 1250 civitatensi
1108 1191 1267 1262 contigan,
1290 1197 1319 1247 et
1328 1193 1424 1246 casua
1438 1193 1566 1246 mortem
1586 1190 1739 1259 exspecta·

60 1276 150 1332 Anno
166 1276 246 1344 tiro,
259 1276 421 1333 dominicae
443 1277 669 1351 incarnationis,
692 1282 722 1336 at
734 1277 855 1336 decimo
907 1280 991 1352 bant,
1006 1281 1138 1353 exuuias
1149 1279 1285 1337 incendio
1308 1276 1407 1350 pulvis
1426 1277 1519 1346 niger,
1542 1281 1572 1333 et
1587 1273 1738 1333 horribilis

18 1377 105 1420 anno
114 1364 304 1436 pontificatus
317 1363 433 1421 domini
445 1366 607 1423 lnnocentii
618 1367 739 1423 secundi
751 1365 855 1424 summi
907 1370 1008 1439 exivit,
1024 1376 1053 1428 et
1064 1385 1158 1444 usque
1178 1369 1345 1433 Salernum,
1370 1373 1398 1422 et
1409 1365 1623 1429 Beneventum,
1637 1368 1667 1420 et
1685 1364 1738 1419 Ca·

18 1449 188 1522 pontilicis,
202 1455 232 1507 et
247 1451 420 1509 universalis
434 1468 521 1526 papae
528 1453 739 1512 mensellartio
749 1470 855 1514 moun·
907 1474 1012 1533 paam,
1025 1465 1053 1517 et
1068 1457 1222 1532 Neapolim
1242 1455 1340 1530 pulvis
1351 1454 1433 1514 ilisa
1452 1452 1529 1512 lacis
1541 1452 1619 1509 venti
1632 1465 1737 1525 parvo·

16 1538 69 1595 dra
80 1539 258 1607 indictionis,
271 1540 329 1598 boc
335 1541 564 1616 anuopraeiatus
570 1542 756 1616 apostolicus
767 1544 855 1601 luno·
905 1548 980 1606 lavit
993 1564 1001 1616 ;
1012 1547 1089 1620 iguis
1101 1562 1174 1604 vero
1185 1546 1233 1603 ille
1246 1544 1373 1619 perdice
1384 1549 1451 1601 octo
1466 1543 1548 1600 risus
1562 1547 1615 1608 eet,
1626 1540 1665 1599 da
1675 1555 1739 1614 quo

17 1627 149 1694 sentim,
164 1632 268 1686 octavo
287 1628 337 1687 die
349 1629 478 1689 intrante
493 1631 604 1689 mensis
617 1631 735 1704 Aprilis,
750 1634 853 1690 Rome
907 1634 1027 1707 pulvere
1041 1635 1121 1693 ciras
1134 1634 1220 1692 multi
1233 1636 1521 1696 beneventanorum,
1534 1634 1563 1687 et
1580 1644 1638 1700 ago
1652 1628 1738 1686 istius

18 1716 176 1789 synodum
186 1717 359 1776 celebravit.
370 1718 416 1776 td
426 1720 597 1792 cujnssacri
609 1725 854 1794 conventusprer·
870 1740 893 1802 g
906 1724 1007 1798 operis
1016 1723 1182 1797 descriptor
1192 1722 1379 1793 collegimus,
1390 1735 1445 1793 per
1458 1719 1602 1776 dissuere
1617 1717 1739 1789 triginta

17 1805 152 1863 acnuam
163 1806 388 1881 mebiepiwopi,
395 1809 528 1882 episcopi
537 1815 567 1867 ιι
574 1808 852 1868 abbatesinnanreri
906 1812 1008 1886 pulvis
1022 1811 1071 1870 ille
1082 1828 1171 1886 super
1182 1817 1291 1870 terram
1305 1811 1387 1866 visus
1399 1813 1455 1866 est.
1474 1807 1617 1880 Cumque,
1646 1811 1678 1863 ut
1690 1822 1739 1861 su·

18 1908 223 1953 annumerant
241 1912 249 1953 ε
268 1895 369 1971 ibique
400 1898 476 1955 inter
500 1903 617 1965 crebra,
642 1915 718 1972 quaa,
743 1900 853 1972 Spiritu
906 1916 963 1974 pra
976 1902 1087 1959 dictum
1100 1904 1157 1968 est,
1168 1915 1221 1957 rex
1231 1898 1374 1972 liogerius
1388 1897 1548 1955 exercitum
1563 1909 1740 1967 congregas·

19 1990 130 2042 sancto
143 1984 638 2056 mediaatqstatutasunt,vlnculis
648 1987 853 2046 excommuni·
907 1993 952 2048 set
963 2004 1064 2062 super,
1077 1989 1194 2047 comitis
1207 1989 1355 2045 civitatem
1369 1986 1495 2044 teatinus
1509 1983 1612 2051 adivit,
1628 1988 1657 2040 et
1668 1983 1740 2040 aivi·

18 2072 150 2130 eationis
155 2072 287 2145 alligavit
294 2089 391 2148 regem
399 2075 558 2147 Roget-inm
566 2076 728 2150 praedictus
737 2081 853 2151 aposto·
907 2083 998 2137 tatem
1010 2078 1093 2137 illam
1107 2079 1252 2136 acerrime
1261 2091 1437 2149 expugnans
1448 2090 1512 2133 sum
1524 2089 1592 2131 eam
1605 2072 1740 2144 alligavit

16 2160 98 2220 licus
111 2163 303 2221 innocentius
322 2165 525 2238 inpraesentia
539 2166 677 2224 omnium
691 2167 853 2225 demetiae
906 2166 1024 2225 ditioni.
1035 2169 1141 2225 comas
1157 2171 1257 2223 autam
1272 2164 1377 2237 lugam
1385 2169 1488 2236 petens
1499 2164 1618 2234 Troiam
1628 2161 1740 2231 ingres·

17 2268 92 2310 rum
116 2254 258 2321 virorum,
282 2255 336 2328 qui
363 2261 574 2321 convenerant,
601 2261 630 2313 et
649 2257 716 2330 ejus
746 2271 853 2314 omnes
907 2272 959 2313 sus
968 2261 1026 2313 est.
1042 2255 1151 2313 Deinde
1172 2270 1224 2312 rex
1236 2253 1284 2310 ille
1297 2254 1441 2318 civitates,
1455 2259 1484 2308 et
1507 2257 1606 2307 castra
1622 2248 1740 2320 Capita·

18 2343 854 2419 sequacesttaeaanoaainulphusdux,daquoinsupe·
906 2351 986 2402 natm
1000 2361 1063 2402 sum
1075 2344 1213 2402 obtinuit.
1240 2342 1387 2417 potestati.
1410 2341 1473 2398 Dux
1494 2344 1637 2412 praeterea
1658 2336 1738 2394 iilius

17 2428 91 2487 riori
104 2434 231 2488 ιιιοιιιιιι
240 2431 419 2490 mentionem
434 2432 570 2503 iacimus,
588 2433 799 2491 ardentissimo
812 2434 853 2492 le·
907 2433 1021 2507 praeisti
1033 2433 1114 2504 regis
1129 2428 1520 2503 civitateseunctasApulia‚
1534 2434 1563 2486 et
1572 2425 1738 2484 maritimas

16 2516 85 2575 bris
97 2519 239 2591 synoche,
251 2520 522 2594 caloremrreptus‚
551 2521 658 2579 ultimo
684 2521 729 2580 die
754 2527 852 2580 stema
906 2522 947 2581 ad
958 2538 1048 2579 suum
1063 2522 1209 2579 convertit
1225 2521 1397 2594 imperium,
1419 2534 1525 2592 pacem
1540 2516 1694 2580 omnibus,
1709 2514 1740 2572 ιι

16 2606 132 2663 mensis
145 2607 255 2681 Aprilis
266 2624 303 2666 ex
317 2610 376 2666 boc
386 2610 503 2668 mundo
514 2610 643 2668 decessit
655 2611 738 2685 apud
752 2612 853 2669 civita·
905 2611 1094 2669 securitatem
1116 2608 1281 2667 affirmans.
1307 2609 1416 2666 Rarum
1442 2606 1568 2681 quidem
1586 2606 1737 2663 civitatem

16 2696 291 2769 tatemlrojanam,
303 2714 394 2772 quem
409 2701 518 2757 ducam
533 2700 706 2758 Guillelmus
728 2717 852 2759 venera·
906 2700 994 2757 valde
1009 2699 1154 2757 munitam
1167 2698 1300 2756 obtinere
1312 2712 1373 2754 non
1386 2697 1495 2770 potuit:
1506 2694 1737 2769 quadringintos

15 2782 195 2858 bilisipsius
208 2786 583 2862 dvitatisapiscopuscum
595 2789 852 2848 universocleroet
905 2789 987 2846 euim
1006 2787 1115 2846 milites
1136 2788 1273 2860 princeps
1299 2786 1426 2843 civitatis
1448 2799 1552 2840 secum
1575 2781 1736 2846 manabat,

16 2871 138 2946 populo
149 2873 305 2946 diligenter
316 2876 483 2944 etheredo,
493 2876 696 2952 lacrymisque
703 2878 852 2936 mananti·
905 2881 1013 2951 praeter
1022 2878 1102 2934 eires
1115 2875 1334 2951 quinquaginta
1344 2873 1437 2931 millia
1445 2871 1656 2929 habitantium.
1670 2870 1738 2927 Dux

16 2961 853 3042 bassepulturaeinlraepiscopiumtradidarant.Oquan-
904 2962 1545 3041 itequenomiuatuscivitatemillamBarum
1554 2974 1738 3034 cognosceus

18 3059 67 3108 tus
80 3052 177 3109 luctus
189 3054 338 3120 omnium,
352 3060 383 3113 et
394 3055 554 3127 virginum,
567 3060 598 3114 et
607 3055 851 3131 viduarumque-
868 3071 1185 3167 Gcaperenonposse,
1193 3055 1565 3117 mercdusnoconvocato,
1575 3049 1615 3107 ad
1625 3053 1737 3122 patrem

16 3156 135 3207 rorum,
162 3148 191 3198 et
213 3158 322 3201 naum
349 3143 505 3218 utriusque
527 3160 626 3212 sexus,
658 3146 849 3214 simillium,
905 3159 1008 3217 regem
1021 3145 1191 3217 bogerium,
1204 3143 1258 3217 qui
1270 3143 1303 3199 in
1314 3141 1449 3214 Troianis
1461 3139 1636 3196 morabatur
1645 3135 1738 3195 conii·

17 3230 171 3288 civitatem
184 3230 266 3288 illam
279 3233 385 3290 invasit
394 3233 401 3289 ι
410 3234 530 3307 quamsi
539 3233 678 3292 radicitus
685 3235 852 3294 describere
905 3233 996 3291 uibus
1003 3232 1147 3307 pervenit,
1161 3240 1190 3289 et
1200 3233 1244 3289 ais
1256 3232 1288 3289 in
1297 3245 1393 3287 unum
1407 3227 1664 3294 convenientibus,
1678 3228 1740 3282 stu·

17 3320 851 3397 mutamm,necdiessufficereutneccopiadascribendi.
905 3322 991 3381 diosa
1003 3326 1305 3395 tractarecoeperunt,
1321 3318 1450 3393 qualiter
1472 3317 1621 3375 civitatem
1639 3315 1738 3388 Troja-

17 3405 161 3463 Bareusis
175 3404 275 3481 itaque
285 3407 463 3481 populus,et
472 3410 850 3484 Tranensisdtelphiensis,
906 3427 979 3470 nam
988 3428 1049 3469 suae
1058 3411 1234 3469 submittant
1240 3410 1387 3485 potestati.
1400 3409 1534 3474 Quatuor
1542 3404 1666 3481 quidem
1675 3403 1739 3461 mil·

18 3494 199 3564 Canusinus,
210 3501 239 3554 et
253 3511 369 3567 omnes,
386 3497 436 3571 qui
447 3500 505 3556 sub
514 3500 579 3572 eius
589 3499 735 3566 dominio,
744 3504 773 3557 et
786 3516 852 3574 pro·
905 3500 986 3558 libus
1001 3501 1160 3572 interjectis
1172 3515 1191 3559 a
1202 3500 1319 3557 civitate
1331 3497 1461 3571 Trojano
1480 3512 1580 3554 comes
1594 3494 1739 3567 Rogerius

17 3582 148 3642 actoru
161 3584 364 3654 confidebant,
387 3588 591 3646 consolatione
601 3589 705 3656 oblita,
721 3589 852 3646 crinibus
907 3588 1007 3646 ariani
1021 3605 1092 3647 cum
1101 3589 1294 3663 septingentis
1304 3586 1442 3644 militibus
1452 3586 1490 3642 de
1500 3583 1739 3656 mortedespera·

18 3670 144 3739 evulsis,
161 3674 330 3745 pectoribus
348 3674 469 3733 laniatis
489 3681 519 3733 et
531 3677 627 3749 genis,
652 3678 728 3736 ultra
746 3679 853 3736 huma·
907 3678 946 3737 b’s
958 3677 1160 3736 morabantur.
1175 3679 1260 3735 Cives
1268 3691 1370 3734 revera
1377 3675 1496 3747 Troiani
1505 3689 1577 3731 cum
1587 3671 1737 3730 extraneis

19 3776 93 3817 num
120 3762 245 3819 modurn
277 3763 431 3834 lugebant.
462 3764 617 3836 lugebant
644 3767 725 3823 enim
744 3766 853 3824 ducem
908 3768 959 3841 qui
975 3766 1014 3824 ad
1029 3782 1081 3824 eos
1093 3765 1291 3837 confugerant
1300 3780 1363 3836 prae
1376 3764 1482 3820 timore
1497 3760 1644 3818 nominati
1658 3758 1738 3829 ragis

19 3849 205 3923 piissimum,
218 3856 247 3908 et
261 3853 301 3909 ad
322 3868 385 3910 rem
402 3852 619 3924 universorum,
632 3856 685 3927 qui
706 3855 795 3912 totius
808 3856 853 3912 sui
908 3856 1058 3913 civitatem
1074 3855 1156 3912 illam
1172 3853 1339 3911 tuebantur.
1360 3855 1420 3909 Rex
1432 3852 1535 3924 itaque
1548 3848 1695 3906 civitatem
1707 3847 1740 3903 il·

19 3938 151 3995 ducatus
160 3938 298 3997 habenas
313 3940 477 4013 dulcedine,
500 3945 529 4000 et
545 3942 743 4002 humanitatis
756 3943 855 4001 suavi·
909 3946 972 4009 lam
979 3944 1342 4003 sicatantorumvirorum
1350 3940 1457 3999 virtute
1464 3939 1740 4012 munitampersen-

20 4030 93 4092 tate,
108 4025 209 4084 lurore
223 4027 309 4085 omui
322 4029 461 4104 deposito
481 4031 670 4104 disponebat.
686 4031 765 4099 Quid
778 4033 855 4090 mul·
910 4034 986 4091 tiens
996 4032 1036 4089 ad
1047 4032 1205 4091 castellum
1219 4027 1740 4089 Bacbareaaaibivicinumducentos

21 4113 124 4172 tarde
134 4117 239 4173 mortis
251 4117 330 4175 illius
342 4121 552 4194 compassione
562 4121 752 4178 inimicorum
765 4122 855 4178 etiam
910 4121 1019 4180 milites
1030 4121 1143 4179 dimisit
1157 4136 1212 4195 pro
1227 4120 1352 4177 civitatis
1381 4117 1457 4175 illius
1480 4115 1680 4182 infestatione,
1711 4118 1741 4171 et

22 4203 183 4277 acerbitas,
199 4211 228 4265 et
247 4206 285 4264 de
299 4207 362 4279 ejus
390 4209 551 4283 prudentia
570 4208 745 4277 condolens,
762 4208 856 4284 lacry·
910 4211 975 4285 ipse
987 4210 1139 4268 cumduce
1150 4211 1308 4268 nominato
1319 4207 1454 4272 filiosuo,
1469 4204 1619 4279 simulque
1634 4217 1740 4260 eorum

21 4308 174 4366 maneque
197 4295 461 4369 compatiebatur:
480 4300 581 4372 sicque
601 4303 662 4359 tota
689 4300 749 4357 iere
773 4300 857 4361 ltalia
911 4301 1043 4359 exercitu
1055 4301 1200 4358 advocato
1216 4296 1611 4371 supercivitatemllrianum
1622 4291 1739 4351 comitis

22 4382 64 4439 de
83 4382 149 4454 ejns
163 4383 318 4457 probitate,
334 4392 364 4443 et
377 4386 497 4459 praeliis,
512 4388 597 4445 horis
619 4389 762 4448 omnibus
784 4389 858 4447 reci·
910 4389 1030 4462 Rogarii
1044 4391 1134 4446 venit.
1148 4388 1296 4448 continuo
1311 4402 1363 4444 rex
1374 4381 1741 4458 ipsecivitatemillamob-

23 4469 119 4528 tabat.
147 4471 276 4530 Audiens
309 4480 408 4532 autem
429 4478 659 4549 praenominatus
687 4495 738 4536 rex
763 4480 856 4549 lioga-
872 4467 894 4528 D
912 4479 999 4550 sedit,
1015 4475 1414 4550 etlignorammaohinasad
1427 4471 1740 4547 expugnandumaam

23 4561 89 4617 rius
105 4559 209 4618 ducem
229 4563 428 4635 Rainulpbum
443 4564 541 4623 virum
553 4565 742 4635 bellicosum,
756 4575 783 4624 et
796 4583 856 4631 ma·
910 4566 976 4624 fleri
994 4567 1160 4625 mandavit.
1177 4568 1261 4625 Cives
1275 4571 1387 4635 autem,
1412 4568 1441 4621 et
1461 4563 1579 4628 milites,
1594 4561 1648 4635 qui
1669 4576 1740 4618 cum

24 4649 206 4722 gnauimum
215 4666 252 4708 ex
266 4650 325 4709 boc
337 4652 452 4710 mundo
464 4654 583 4722 obiisse,
594 4655 734 4714 vanitatis
755 4662 785 4714 et
798 4656 857 4714 ela·
910 4659 953 4716 eis
967 4662 1063 4723 erant,
1088 4655 1162 4713 nibil
1177 4672 1213 4713 ex
1227 4655 1283 4725 his,
1297 4670 1365 4728 qum
1388 4652 1612 4724 ingerebantur,
1629 4657 1740 4708 metue·

24 4738 118 4796 donis
131 4739 234 4811 spirita
244 4756 388 4799 accensus
399 4741 649 4802 ultrabumauum
664 4745 790 4803 modum
805 4760 857 4816 ga·
909 4748 987 4806 bant
1002 4746 1167 4816 ,ducentos
1180 4745 1262 4801 enim
1278 4742 1384 4800 milites
1399 4748 1427 4800 at
1442 4742 1546 4815 viginti
1567 4740 1628 4798 lere
1646 4740 1741 4798 millia

24 4827 110 4885 visus
121 4832 175 4885 est.
187 4827 316 4886 Gaurus
322 4831 434 4904 utique,
444 4836 573 4890 etmorte
579 4833 735 4890 communi
744 4833 857 4890 oblitus
910 4836 1096 4891 armatorum
1110 4832 1140 4887 in
1155 4829 1306 4887 civitatem
1317 4827 1552 4885 introduxerunt.
1563 4827 1626 4882 Rex
1637 4825 1741 4897 itaque

26 4919 184 4984 exaestuat,
199 4916 361 4993 animoque
375 4920 556 4994 concipiens,
577 4926 610 4979 ut
637 4923 769 4978 exercitu
788 4937 857 4979 con·
911 4922 953 4978 sic
966 4936 1034 4977 eam
1045 4923 1180 4992 paratam
1189 4923 1218 4976 et
1233 4917 1382 4976 munitam
1390 4916 1539 4990 aspiciens
1549 4919 1649 4972 castra
1656 4930 1739 4971 amo·

26 5009 151 5076 gregato
160 5005 274 5076 apulia
283 5005 480 5075 finesinsiliat,
492 5025 617 5082 eamque
633 5009 858 5068 sumsubmittat
911 5008 971 5068 veri
986 5008 1128 5084 praecepit
1141 5013 1169 5067 et
1183 5008 1283 5066 lurore
1294 5013 1463 5064 commotus
1472 5005 1587 5070 vineas,
1600 5003 1741 5071 olivas,et

25 5091 136 5150 ditioni
148 5098 177 5150 et
188 5093 331 5152 fidelitati.
348 5097 425 5163 Quid
451 5098 543 5156 multa
563 5097 577 5154 i
593 5103 706 5172 septem
730 5098 858 5171 navigiis
910 5098 1045 5164 arbores,
1058 5104 1088 5157 et
1099 5103 1164 5156 sata
1178 5114 1294 5167 eorum,
1309 5111 1369 5171 que
1382 5095 1659 5167 inveniripoterant,
1669 5093 1741 5151 inci·

26 5188 214 5241 armatorum
225 5186 347 5258 paratis,
357 5187 465 5255 etauri,
475 5188 857 5262 argentiquemagnitudine
910 5189 941 5245 di
956 5187 1121 5253 mandavit,
1138 5192 1167 5245 et
1178 5187 1338 5252 devastari,
1352 5190 1381 5242 at
1394 5184 1437 5241 sic
1445 5184 1596 5242 civitatem
1606 5183 1688 5242 illam
1696 5183 1740 5241 di-

24 5270 137 5339 ditatls,
150 5272 199 5329 die
220 5275 347 5346 septimo
359 5281 455 5334 stante
469 5277 582 5335 mensis
594 5277 671 5345 binii,
699 5277 856 5336 Salernum
911 5277 1031 5334 mittans
1042 5276 1195 5350 biduoper
1207 5275 1339 5335 confinia
1353 5274 1432 5331 illius
1447 5280 1581 5332 moratus
1595 5278 1646 5329 est

24 5359 238 5419 transfretavit.
253 5364 396 5423 Continuo
404 5365 497 5423 claras
511 5369 611 5425 omnis
625 5374 654 5423 et
666 5367 856 5441 populusSa·
947 5365 1058 5421 Eodem
1073 5370 1207 5439 tempore
1221 5364 1363 5440 praeiatus
1388 5363 1570 5438 apostolicus
1596 5363 1739 5421 innocen·

24 5450 194 5509 lernitanus
206 5451 347 5511 laudibus
365 5454 467 5512 maltis
481 5456 663 5530 hymnisque
679 5458 857 5514 sonantibus
911 5453 1266 5528 tiuspraedictumducem
1273 5452 1736 5528 Raiuulphumobiisseaudiens,

25 5552 127 5614 regem
135 5538 221 5600 illum
233 5542 373 5619 maocpit.
391 5544 450 5604 ttae
476 5558 573 5617 mora,
588 5558 641 5604 rex
656 5544 721 5623 ipse
743 5544 856 5604 litterae
911 5543 985 5604 satis
1000 5545 1133 5620 mamus
1146 5544 1311 5614 condoluit,
1326 5549 1355 5603 et
1365 5544 1489 5604 consitio
1502 5542 1736 5617 communicato,
