3884 6050
81 326 90 343 .
181 278 242 339 479
682 273 810 341 buouts
831 270 1034 336 uessicam
1053 273 1102 334 ΕΤ
1122 272 1230 338 aurai
1251 273 1401 340 utacum
1832 273 1894 335 480

180 405 264 464 stole
277 404 441 463 ostendunt
454 405 549 463 multo
562 406 677 480 majore
696 423 767 464 cum
780 420 853 464 cura
867 420 965 478 neque
977 404 1133 463 invenuste
1152 407 1323 481 compositae
1339 405 1427 479 (hle).
1451 403 1624 465 chronicon
1633 403 1725 476 igitur
1736 417 1810 459 cum·
1836 416 1894 477 per

182 510 216 552 se
227 493 348 569 quidem
361 494 447 566 pretii
459 495 530 552 satis
543 496 628 569 parvi
639 496 685 563 sit,
698 494 833 553 utilitatis
848 498 948 552 temen
963 508 1026 551 non
1037 494 1080 552 ita
1092 495 1209 567 exigue
1224 501 1271 553 est
1282 492 1501 561 estimandum,
1524 510 1620 567 quum
1642 492 1680 551 de
1697 490 1894 567 pontificibus

182 583 346 657 presertim
356 587 386 639 et
398 582 436 640 de
449 583 588 641 bethario
599 584 781 657 imperatore
793 598 853 640 non
866 598 965 655 pauca
979 583 1109 657 proterat
1122 584 1242 643 aliunde
1254 600 1316 643 uon
1330 588 1413 651 ncta,
1436 598 1505 657 quae
1517 584 1651 641 lausum
1667 584 1805 638 nostrum
1820 596 1895 638 con·

182 676 296 729 vertere
309 671 474 744 possimus.

219 760 319 818 codex
333 776 391 817 ms.
408 759 544 818 Chronici
555 756 662 817 unicus
672 764 809 818 serretur
823 759 932 829 Casini,
947 763 985 816 de
1000 775 1059 831 quo
1075 776 1167 834 supra
1186 762 1252 833 jem
1271 761 1411 828 diximus.
1428 761 1525 817 editus
1553 765 1624 834 post
1636 759 1770 833 priorum
1783 758 1894 816 intldas

184 849 326 907 editiones
343 863 397 921 per
408 849 554 920 angelum
565 849 603 905 de
625 853 814 922 [lucequem
830 862 883 904 nos
907 847 1000 904 secuti
1029 864 1146 918 sumus,
1159 847 1404 907 adnotationibus
1422 848 1535 923 quibus
1563 865 1641 921 opus
1662 864 1729 904 csse
1742 847 1894 904 vidmetur

185 938 318 1009 adjectis.
341 937 592 1010 orthographiam
605 937 715 995 codicis
730 952 790 994 non
802 936 995 1004 mutavimus,
1011 936 1117 1008 paucis
1138 938 1279 1010 exceptis,
1295 953 1363 1011 quoe
1375 937 1476 995 aPetri
1488 952 1572 994 more
1584 936 1680 994 alicua
1689 935 1869 993 ridebantur
1884 952 1892 1003 ;

185 1025 383 1099 diphtongum
395 1031 494 1083 umen
509 1042 570 1100 qua
584 1026 701 1083 Petrum
725 1041 817 1082 usum
837 1040 902 1082 esse
922 1040 938 1080 e
962 1023 1028 1082 cod.
1048 1028 1100 1081 257
1122 1028 1240 1082 constat
1254 1026 1316 1082 suis
1342 1025 1415 1083 locis
1436 1040 1490 1100 pro
1516 1024 1670 1099 simplicia
1694 1024 1892 1082 restituimus.

1475 1113 1524 1172 W.
1545 1116 1746 1172 Wsrraunseu.

353 1370 643 1493 INCIPIT¹
673 1368 1027 1495 EPISTOLA
1063 1370 1378 1496 FRATRIS
1407 1369 1669 1495 LEONIS

182 1638 230 1695 ΑΙ)
249 1638 413 1696 uoffluutl
432 1638 620 1697 uuamsluu
636 1638 852 1698 seuerissimi
885 1636 1102 1788 thNASTERH
1121 1635 1328 1695 castriensis
1359 1637 1607 1694 VENERABILEM
1638 1639 1679 1693 ET
1713 1637 1891 1694 REVEREN-

857 1728 891 1785 ΤΙ
919 1727 1033 1786 ΒΙΙΗΜ
1064 1728 1213 1785 PATREM.

218 2037 342 2093 Domino
353 2040 382 2094 et
392 2036 469 2110 patri
482 2035 683 2103 sanctissimo,
695 2034 1006 2093 venerabiliscoenobii
1021 2035 1192 2094 Casineneis
1210 2034 1315 2093 abbati
1328 2035 1459 2094 oderisio
1478 2040 1501 2103 ¹,
1525 2035 1616 2094 irater
1634 2036 1694 2093 Leo
1708 2034 1890 2106 cognomine

182 2125 389 2191 asistamus,
402 2124 510 2182 debitas
531 2123 708 2183 obedientie
727 2123 917 2181 famulatum.
936 2126 1110 2196 injunxerat
1122 2126 1133 2161 ⁴
1146 2124 1236 2181 michi
1262 2125 1458 2196 iamdudum
1490 2129 1589 2183 vestra
1613 2124 1778 2191 beatitudo,
1805 2128 1891 2197 pater

181 2213 447 2279 venerandissime,
463 2217 496 2268 ut
519 2212 640 2283 gloriosi
667 2211 883 2285 predecessoris
909 2213 949 2271 tui
963 2215 986 2282 ⁸,
1016 2216 1126 2270 sancte
1139 2214 1291 2271 memorie
1304 2212 1422 2271 abbatis
1432 2213 1582 2281 [teuderii.
1597 2212 1753 2284 singularis
1766 2211 1854 2285 plane
1865 2213 1888 2280 ⁸,

181 2309 210 2358 et
224 2303 304 2359 unici
311 2302 369 2359 hcc
380 2307 515 2375 tempore
526 2302 571 2359 sui
584 2301 699 2359 ordinis
710 2302 776 2369 riri,
793 2303 953 2374 magnifica
966 2304 977 2339 ¹
988 2304 1092 2376 geste¹
1103 2302 1144 2360 ad
1157 2307 1348 2375 posterorum
1363 2301 1542 2360 memoriam
1569 2301 1719 2359 scribendi
1733 2303 1745 2338 ¹
1765 2316 1889 2374 operam

181 2390 296 2448 darem.
314 2391 407 2448 Nimis
420 2389 558 2448 videlicet
572 2390 726 2462 iudignum
737 2392 762 2428 ¹⁰
771 2390 923 2463 judicans,
947 2391 1004 2448 loci
1015 2390 1106 2463 hujus
1117 2395 1252 2447 veterum
1266 2395 1293 2447 te
1306 2389 1453 2447 desidiam
1475 2388 1594 2459 imitari,
1609 2390 1662 2463 qui
1683 2388 1721 2446 de
1735 2391 1779 2446 tot
1790 2387 1889 2446 abba-

179 2483 244 2537 tum
259 2479 350 2550 gestis
361 2494 415 2536 seu
427 2479 611 2551 temporibus
630 2479 723 2537 nichil
731 2480 791 2536 iere
804 2478 907 2537 litteris
926 2479 1044 2536 tradere
1053 2479 1245 2547 studuerunt;
1261 2478 1327 2536 etsi
1341 2477 1490 2553 quatorte
1512 2493 1601 2552 super
1612 2476 1670 2534 hoc
1685 2476 1779 2551 aliqui
1794 2478 1816 2514 ¹¹
1835 2475 1887 2534 de·

180 2570 363 2641 scripserunt
375 2567 494 2642 :inepta
506 2570 530 2606 ¹¹
546 2583 679 2641 prorsus,
694 2573 723 2626 et
738 2569 890 2625 rusticano
905 2570 929 2607 ¹¹
951 2568 1029 2635 stilo,
1049 2568 1175 2638 digesta,
1188 2567 1340 2624 fastidium
1367 2567 1467 2640 potius
1480 2582 1572 2640 quam
1584 2565 1740 2624 scientiam
1754 2565 1888 2640 aliquam

179 2656 347 2727 legentibus
371 2657 537 2714 conterunt.
553 2656 639 2724 Quod
655 2662 706 2714 tua
727 2658 751 2695 ¹¹
777 2657 940 2731 paternitas
957 2672 995 2713 ne
1020 2655 1168 2712 Desiderio
1191 2660 1294 2714 nostro
1313 2655 1468 2725 continget
1486 2654 1687 2713 sollertissime
1715 2654 1886 2728 providens,

178 2745 248 2803 huic
265 2761 312 2801 me
326 2746 350 2782 ¹¹
370 2746 452 2818 operi
467 2744 576 2819 placuit
596 2745 746 2804 destinare
762 2765 769 2815 ;
797 2745 983 2819 imponendo
1008 2743 1100 2801 michi
1127 2746 1152 2782 ¹¹
1165 2745 1317 2802 sarcinam
1340 2742 1415 2799 meis
1428 2742 1561 2815 proiecto
1581 2744 1691 2799 viribus
1714 2743 1884 2815 imparem:

177 2834 261 2891 itaut
275 2833 341 2906 ipsa
353 2836 471 2890 tantum
487 2833 532 2889 sui
560 2834 797 2891 corrsideraticne
807 2832 1016 2898 succumbens,
1030 2832 1095 2904 jam
1123 2830 1184 2888 iere
1198 2846 1252 2904 per
1270 2846 1384 2890 annum
1400 2832 1422 2867 ¹¹
1437 2831 1467 2887 itl
1483 2835 1659 2903 attemptare
1683 2831 1834 2888 timuerim
1851 2833 1888 2891 ¹⁸.

177 2921 461 2995 Nuperitaquecum
472 2924 603 2996 acapna
617 2921 788 2979 redeuntem
804 2925 831 2978 tc
849 2923 873 2958 ¹¹
885 2937 939 2995 pro
949 2936 1017 2978 mco
1031 2920 1192 2977 comitarer
1201 2922 1226 2956 ¹⁰
1242 2918 1349 2987 officio,
1366 2918 1442 2976 inter
1463 2919 1681 2977 ambulandum
1695 2919 1888 2978 reminiscens

178 3014 235 3068 tuae
246 3010 268 3048 ¹¹
280 3010 372 3084 ipsius
388 3008 514 3083 egregie
519 3009 675 3081 jussionis,
691 3013 884 3083 percontatus
894 3013 1036 3068 cautrum
1047 3006 1230 3067 desiderium
1240 3010 1319 3067 tuum
1335 3007 1599 3082 superscribendis
1608 3011 1632 3046 ¹¹
1644 3007 1784 3067 ussidsrii
1795 3008 1888 3083 gestis

176 3099 353 3172 explessem.
371 3100 431 3170 ligo
444 3113 515 3155 vero
530 3098 630 3156 subita
642 3099 699 3156 bac
727 3097 925 3156 sciscitatione
944 3101 1119 3164 conventus,
1146 3097 1178 3154 id
1197 3097 1281 3170 qrrcd
1292 3096 1366 3154 inre
1380 3101 1445 3154 erat
1474 3094 1658 3171 respondere
1682 3101 1886 3156 coactussum

175 3185 267 3244 nichil
281 3188 306 3223 ¹¹
317 3185 441 3244 omnino
453 3202 497 3243 me
507 3185 575 3244 inde
589 3187 703 3244 iecisse.
720 3189 844 3261 Moxque
853 3185 1074 3260 aliquantulum
1083 3189 1236 3259 resumpta
1245 3186 1412 3244 constantia
1425 3201 1432 3243 :
1446 3207 1461 3239 a
1471 3189 1499 3243 et
1512 3185 1636 3259 quando
1648 3187 1683 3254 ¹⁴,
1712 3185 1884 3260 inquem¹³,

176 3290 233 3345 ego
248 3274 319 3332 huic
331 3278 382 3332 tao
395 3289 499 3349 parere
509 3277 534 3312 ¹¹
543 3274 667 3348 imperio
679 3276 773 3350 potui,
788 3274 908 3349 quando
923 3279 985 3333 toto
997 3275 1057 3333 iere
1079 3275 1138 3333 hoc
1153 3288 1245 3341 anno,
1258 3290 1326 3332 cum
1353 3274 1385 3332 iu
1400 3275 1517 3333 servitio
1540 3274 1645 3333 domni
1666 3276 1821 3349 apostolici
1846 3292 1884 3333 ex

173 3362 412 3435 jussionc¹¹tua,
422 3364 645 3438 tum¹¹quoque
655 3364 682 3420 in
692 3363 1041 3437 tuimetipsius'dirersis
1059 3364 1187 3435 negotiis
1202 3367 1374 3437 occupatus,
1386 3363 1438 3421 vix
1460 3379 1514 3439 per
1528 3368 1595 3422 ecto
1609 3363 1674 3421 dies
1682 3364 1839 3422 continuos
1855 3363 1886 3421 in

176 3452 358 3509 monasterio
374 3452 500 3509 constiti.
516 3453 590 3509 Cum
610 3452 748 3511 videlicet
760 3468 837 3525 opus
851 3452 933 3510 istud
954 3469 1016 3511 non
1031 3468 1121 3527 perro
1136 3453 1266 3523 indigeat
1280 3453 1351 3521 otio,
1367 3467 1466 3526 neque
1480 3453 1518 3510 sit
1528 3452 1666 3527 occupati
1680 3453 1807 3525 alicuius
1818 3458 1886 3511 tan-

176 3542 238 3598 tam
254 3540 407 3596 materiam
416 3541 550 3613 aggredi,
566 3540 619 3597 sed
635 3541 733 3614 potius
743 3543 767 3577 ¹⁹
781 3542 859 3598 curis
874 3542 1014 3598 omuibus
1024 3541 1152 3614 expediti
1165 3543 1180 3600 i
1193 3564 1204 3593 ι
1217 3542 1279 3599 Hac
1290 3540 1381 3611 igitur
1393 3542 1540 3613 patienter
1565 3541 1589 3579 ¹⁰
1603 3542 1718 3600 ratione
1731 3546 1883 3614 suscepta,

176 3632 205 3684 et
216 3628 403 3699 negligentia
417 3645 472 3695 me,
492 3630 629 3687 modesta
644 3629 810 3686 admodum
826 3629 995 3687 invectione
1007 3644 1173 3701 coarguens
1201 3650 1207 3691 :
1228 3652 1239 3681 ι
1256 3634 1284 3685 et
1299 3644 1387 3696 nunc,
1404 3628 1515 3703 inquis,
1539 3630 1714 3702 otiumquod
1730 3629 1884 3687 desideras

176 3717 284 3790 arripe.
299 3720 328 3775 et
341 3718 372 3774 in
385 3718 543 3775 scribendo
560 3718 723 3783 Desiderio,
737 3734 774 3774 ne
797 3718 871 3775 velis
881 3718 1012 3791 amplius
1026 3732 1128 3774 moras
1147 3718 1308 3776 innectere.
1329 3719 1426 3773 Immo
1439 3712 1527 3773 etiam
1542 3718 1609 3774 volo
1623 3723 1713 3791 atque
1727 3717 1880 3791 precipio,

175 3804 423 3880 quandoquidem
437 3821 531 3879 usque
545 3806 575 3863 in
586 3807 609 3843 ⁸¹
625 3807 703 3863 banc
715 3806 795 3863 diem
815 3822 863 3863 res
876 3806 944 3879 ipsa
971 3807 1189 3879 procrastinata
1220 3810 1275 3872 est,
1291 3809 1322 3862 ut
1334 3805 1374 3863 ab
1405 3807 1471 3879 ipso
1487 3812 1568 3878 patre
1587 3806 1753 3874 benedicto,
1765 3807 1791 3844 ⁸¹
1803 3806 1883 3879 ejus·

174 3892 244 3951 dem
258 3900 316 3951 tuen
326 3893 530 3967 inscriptionis
539 3893 656 3951 initium
672 3909 802 3960 sumens,
816 3895 1129 3968 universorumusque
1140 3893 1180 3972 ad
1193 3894 1354 3951 eundem¹¹
1364 3894 1649 3952 Desideriumnostri
1664 3893 1722 3951 loci
1738 3893 1884 3954 abbatum

173 3982 275 4052 series,
291 3986 431 4054 tempora,
458 3987 544 4052 gesta
569 3982 778 4056 undecumque
811 3983 836 4020 ¹⁴
864 3982 1100 4040 studiosissimus
1128 3982 1288 4054 indagator
1312 3982 1451 4056 exquiras
1481 3986 1538 4039 :et
1559 3999 1628 4058 quae
1654 3983 1737 4039 rcla
1762 3982 1882 4056 quibus,

173 4084 228 4127 seu
239 4070 365 4143 qualiter
380 4069 436 4127 sub
442 4069 733 4142 singulisabbatibus
739 4073 944 4145 possessiones
952 4089 1005 4129 seu
1011 4073 1035 4109 ¹⁸
1047 4071 1187 4142 ecclesias
1197 4088 1274 4146 quas
1284 4072 1433 4145 possidere
1446 4072 1691 4130 videmurnestrc
1700 4073 1883 4132 monasterio

863 4185 982 4244 VARIAE
1000 4188 1188 4246 auctiones

209 4301 278 4357 ¹ite
292 4299 595 4360 blittsrhrulrial.
619 4302 804 4377 prologusin
827 4303 970 4360 chronica
993 4302 1166 4360 cassinensi
1180 4301 1223 4360 ed.
1246 4303 1356 4359 Desunt
1380 4302 1406 4358 4.
1463 4304 1474 4338 ¹
1503 4303 1536 4360 0.
1553 4305 1579 4359 l.
1635 4302 1647 4338 ⁸
1672 4302 1833 4359 llarsienus
1850 4308 1880 4361 3.

173 4371 411 4455 ‘Preceperatb
432 4371 522 4441 Quum
535 4372 619 4430 modo
654 4390 696 4431 rae
709 4374 795 4432 modo
831 4373 1046 4439 marchelmus
1074 4373 1291 4447 propulsius
1320 4376 1552 4446 porulmurprre.
1590 4373 1601 4409 ¹
1630 4376 1715 4455 luel.
1754 4373 1836 4430 ¹lere
1851 4376 1881 4433 l.

171 4441 429 4524 'gloriosaacm
446 4450 470 4500 l.
508 4444 636 4501 ¹iuscrr
659 4444 754 4503 endos
832 4445 857 4500 it
873 4444 1152 4515 l,sedipsedelertt.
1190 4388 1332 4501 redula.
1370 4445 1394 4482 ¹¹
1408 4445 1543 4517 ineptum
1553 4458 1620 4500 esee
1632 4459 1652 4500 1.
1668 4448 1690 4525 l.
1730 4443 1753 4481 ¹¹
1763 4443 1880 4503 addlb.

174 4515 198 4551 ¹¹
212 4519 313 4587 inepto
332 4514 378 4572 ed.
416 4512 643 4572 ¹¹sctacinioso
659 4515 779 4572 additi.
802 4515 1045 4585 redipsedetertt.
1086 4516 1109 4552 ¹¹
1123 4519 1145 4573 t.
1161 4530 1192 4588 p.
1211 4514 1281 4574 cdd.
1298 4514 1339 4572 lb.
1379 4517 1402 4553 ¹⁸
1415 4514 1446 4572 h.
1460 4514 1546 4587 operi
1559 4531 1608 4572 me
1622 4514 1883 4585 ddrgnalionire-

173 4583 226 4640 stri
236 4584 342 4657 inperii
364 4584 505 4667 placitum
514 4584 569 4642 tuit
582 4587 607 4643 l.
632 4585 662 4644 h.
676 4602 726 4643 me
736 4601 765 4643 o.
784 4586 857 4656 dest,
866 4586 913 4713 (pl.
927 4586 984 4643 fuit
1000 4586 1039 4642 lb.
1079 4587 1102 4623 ¹⁸
1117 4585 1207 4659 plane
1228 4601 1269 4642 m.
1285 4591 1312 4643 l.
1350 4587 1373 4624 ¹⁷
1400 4601 1463 4643 nou
1477 4589 1542 4642 sine
1555 4584 1658 4659 aliqua
1678 4584 1883 4646 inobedientia

173 4655 244 4712 auu.
256 4656 283 4711 l.
320 4656 345 4693 ¹¹
359 4656 506 4713 timuerint
516 4658 544 4712 4.
557 4656 717 4714 timuerim.
732 4659 765 4713 Et
775 4673 865 4714 secun
890 4656 1086 4729 nmregulam
1096 4657 1231 4731 quidem,
1252 4657 1337 4730 quod
1360 4657 1451 4714 michi
1462 4656 1560 4714 risum
1573 4656 1880 4728 iueratinrpossibile,

170 4725 301 4797 jubentis
310 4726 470 4800 imperium
484 4726 538 4783 abs
563 4741 599 4783 ue
614 4726 672 4784 ulla
679 4727 923 4793 contradictione,
937 4743 999 4785 non
1007 4731 1107 4785 umen
1124 4728 1227 4801 eliqua
1237 4727 1456 4800 repromisicne
1470 4727 1512 4800 (n.
1526 4732 1546 4785 t.
1562 4743 1590 4784 a.
1602 4743 1627 4784 r.
1643 4736 1791 4798 repuncta
1800 4731 1883 4803 reat)

172 4797 299 4880 suscepi.
316 4799 425 4854 Verum
438 4741 609 4880 quia(3uia
625 4802 725 4856 tamen
742 4797 795 4867 lb.)
806 4798 1059 4871 impossibilitatis
1073 4813 1149 4856 mee
1169 4814 1293 4856 causam
1306 4799 1456 4856 humiliter
1466 4813 1502 4855 ac
1511 4798 1658 4872 patienter
1672 4814 1731 4856 non
1757 4801 1815 4856 tues
1829 4816 1882 4873 pa·

172 4871 455 4950 lernrtatrsugpessr³
481 4866 672 4950 neglegenter
685 4884 722 4926 ac
744 4868 831 4950 stulte
844 4885 892 4950 me
916 4869 1021 4926 iecisse
1043 4869 1186 4927 confiteor
1200 4875 1241 4938 (n.
1261 4869 1356 4927 fatcor
1367 4869 1414 4939 egi
1445 4868 1508 4941 lla).
1539 4868 1679 4941 Nuperl.
1719 4870 1743 4905 ¹¹
1757 4870 1837 4928 deest
1849 4874 1880 4929 4.

172 4940 280 4996 ’⁰oc.
298 4946 320 4996 l.
359 4941 667 5010 ¹¹1ps1ust.1uss.t.
705 4940 900 4997 ¹¹scribendis
918 4940 1306 5013 hsesthujesmodimendc
1328 4939 1880 5012 insequentibusconsempernotcei.

172 5008 353 5092 ”Respondi
366 5009 633 5079 igiturrerecunde
649 5015 953 5095 acrererentenml.
992 5012 1148 5095 ”deseth
1185 5013 1266 5069 ¹litu
1283 5010 1324 5070 1¹.
1348 5026 1379 5137 ὃ
1399 5027 1425 5066 e.
1457 5011 1521 5094 inl.
1559 5013 1585 5048 ¹¹
1598 5015 1747 5082 praecepto
1761 5012 1882 5070 satiata·

170 5080 1673 5226 statutt}-nsttutftf‘altristeturarcersireturrestauratae-lul.-
1702 5082 1837 5225 tsit
1850 5087 1881 5214 s:

171 5220 355 5281 “audeus
394 5221 636 5279 ¹¹s.e.edd.l¹.

966 5321 1077 5380 NOTAE.

206 5415 280 5489 (248)
299 5415 498 5475 ‘tumidiorem
511 5418 591 5476 enim
601 5420 816 5478 sententiarum
828 5419 994 5491 congeriem
1048 5417 1220 5478 conradum
1233 5420 1368 5477 veterum
1382 5420 1589 5478 Romanorum
1600 5416 1776 5475 nominibus
1787 5420 1816 5473 et
1827 5429 1876 5485 ge-

170 5487 285 5561 exejus
299 5488 356 5546 anri
370 5503 449 5550 more
464 5504 606 5550 excusare
615 5489 942 5574 debemnsrlneplstola
951 5489 992 5549 ad
1046 5490 1099 5548 stis
1111 5490 1385 5550 commemorandis
1397 5490 1526 5548 multum
1540 5487 1714 5547 delectetur.
