3884 6050
168 219 247 285 lint
793 219 974 290 FALCONlS
991 226 1247 290 Bruavvuvtul
1801 221 1885 280 taes

167 354 225 429 pit,
239 356 389 427 quatenus
410 368 517 413 omnes
544 355 590 414 sui
618 355 750 416 lautores
775 373 863 416 eursu
888 356 994 430 rapido
1010 358 1118 423 Adem
1131 360 1158 416 ei
1172 358 1276 433 luerat,
1289 358 1373 434 quod
1387 353 1885 432 stentpradictuseuitlelmusrec·

171 444 211 503 ad
225 460 277 501 eos
300 444 461 516 ejiciendos
489 444 636 505 festinent.
665 447 741 514 Quid
766 447 883 521 plural
904 447 996 504 ermis
1050 451 1106 515 tor,
1122 449 1164 505 ita
1178 454 1206 505 et
1220 450 1283 522 ipse
1306 449 1336 505 in
1362 447 1473 521 palatio
1487 444 1627 503 trucidari
1652 441 1884 516 disponebatur,

172 533 458 590 eductisaddomum
471 534 597 591 Dauierii
611 536 759 593 Basaiorie
770 535 998 601 descendunt,at
1051 536 1103 610 qui
1117 537 1240 610 quidem
1255 537 1394 594 ferociam
1408 536 1508 601 talem,
1524 541 1552 591 et
1565 532 1668 590 mortis
1683 530 1884 604 asperitatem

171 620 295 679 viriliter
308 620 673 691 defendereeonentur,ue
682 624 833 681 siceivitas
843 622 881 681 ab
892 640 997 680 eorum
1052 617 1885 699 devitans,quasiseeurusinlraipsiusmonasteriiclaus-

173 709 326 768 invasione
338 710 480 767 turbetur.
497 713 801 785 Beneventusautam,
815 713 921 770 etsocii
935 712 1000 784 ejus
1052 718 1097 771 tra
1125 715 1273 772 manebat.
1303 716 1396 771 Amici
1420 714 1508 784 igitur
1536 713 1628 785 ipsius
1654 706 1824 774 Crescentii,
1856 710 1885 762 et

175 799 340 856 amicorum
357 814 479 855 suorum
490 800 634 857 auxilium
650 816 710 857 non
723 802 826 858 adesse
839 801 999 873 aspiciens,
1053 801 1559 876 praeiatijudicesadeumanimose
1570 798 1761 861 conveniunt,
1776 799 1884 851 eteum

175 887 295 943 domum
309 886 527 944 illamDaulerii
537 888 999 963 escendunt,etperdomosalias
1053 890 1221 959 hortantur,
1237 896 1269 948 ut
1283 891 1372 947 curiis
1387 895 1497 947 statum
1506 888 1592 946 simul
1601 903 1669 945 eum
1683 887 1724 943 eis
1735 885 1883 942 obtineat

175 974 373 1046 diffugientes,
390 981 417 1032 et
423 974 547 1048 plateas,
558 977 595 1033 de
605 977 722 1035 civitate
730 982 882 1048 exeunt,et
893 977 931 1034 de
945 993 1001 1033 ma·
1053 980 1118 1051 lpse
1133 996 1203 1036 vero
1217 980 1400 1036 crescentius
1415 977 1632 1036 hortationibus
1642 990 1747 1032 eorum
1773 979 1806 1030 et
1822 987 1886 1028 mo

174 1062 266 1120 nibus
278 1064 520 1136 persequentium
540 1065 705 1123 incolumes
719 1071 885 1131 evaserunt,
908 1069 945 1131 et,
959 1064 1001 1121 eis
1055 1067 1123 1124 uitis
1144 1067 1227 1124 nullo
1243 1066 1336 1124 voluit
1361 1066 1452 1123 modo
1474 1066 1583 1123 lavere.
1598 1064 1672 1120 Nam
1696 1078 1750 1135 per
1763 1061 1886 1117 amieos

177 1151 220 1208 sic
234 1151 1001 1226 fugientibusdomumproedictiDaulerii‚etaliorum
1056 1171 1158 1213 revera
1174 1172 1245 1212 suos
1260 1172 1339 1229 soepe
1354 1156 1379 1212 ei
1391 1154 1584 1224 referebatur,
1599 1152 1679 1225 quod
1695 1152 1720 1207 si
1735 1150 1886 1224 palatium

177 1241 230 1313 qui
242 1240 285 1296 eis
299 1245 519 1309 consenserant,
536 1246 770 1316 prostraverunt.
784 1242 829 1299 Ab
842 1241 892 1299 illo
906 1247 1002 1298 autem
1056 1249 1272 1310 reverteretur,
1284 1244 1472 1302 membratim
1498 1258 1565 1299 eum
1593 1240 1762 1297 dividerent
1787 1240 1888 1294 morte

178 1327 226 1384 die
240 1327 391 1385 discordia
404 1328 500 1386 multa
511 1334 538 1386 at
552 1330 686 1387 inaudita
701 1331 775 1387 inter
789 1330 927 1388 concives
939 1334 1004 1387 orta
1056 1332 1208 1404 inopinata
1224 1332 1331 1400 ;unde,
1343 1338 1375 1391 ut
1396 1331 1597 1405 praediximus,
1613 1328 1799 1386 crescentius
1824 1326 1889 1398 ipse

179 1419 232 1472 est.
255 1416 388 1473 Persicus
401 1415 523 1486 interea,
552 1418 742 1475 etiloffridus
755 1418 881 1491 judices,
898 1420 1004 1476 timore
1057 1415 1810 1485 minasillorumetterroresdevitans,inlraidem
1825 1430 1889 1470 mo

179 1503 364 1561 inimicorum
378 1507 473 1562 coacti
486 1507 634 1564 civitatem
644 1507 1005 1580 Beneventanamingredi
1057 1511 1220 1566 nasterium
1235 1526 1330 1582 usque
1339 1508 1377 1565 ad
1390 1509 1578 1565 festivitatem
1587 1506 1684 1563 Sancti
1694 1502 1812 1575 angeli,
1823 1517 1889 1574 qua

179 1594 1004 1671 nonaadehant,tandemcognoscentespradicrumaaa·
1058 1612 1085 1653 ur
1105 1596 1225 1654 saiand.
1251 1598 1369 1654 Octobr.
1395 1597 1511 1667 colitur,
1536 1598 1736 1652 moratusest.
1755 1595 1889 1650 Cernens

181 1681 289 1738 cletum
305 1684 475 1755 capuanam
489 1685 633 1742 civitatem
646 1685 876 1758 applicuissent
888 1687 1004 1743 Romam
1058 1691 1201 1757 praterea
1213 1685 1373 1758 predictus
1387 1684 1571 1742 crescentius
1582 1688 1678 1739 rector
1689 1680 1889 1752 llolpotonem

180 1772 880 1847 reverteretur,habitoconsiliocivitetemipsam
890 1775 1004 1848 Capua·
1060 1773 1152 1840 illum,
1169 1779 1198 1830 et
1224 1773 1288 1846 ejus
1309 1773 1480 1830 auxiliarios
1495 1772 1543 1828 die
1567 1777 1716 1843 noctuque
1732 1770 1890 1825 minarum

181 1874 252 1916 nam
268 1860 411 1917 audacter
419 1861 637 1933 ingrediuntur.
649 1863 721 1919 lnde
729 1864 889 1920 Robertum
898 1863 1006 1936 princi·
1060 1866 1197 1931 terrores,
1209 1865 1238 1918 et
1251 1859 1386 1918 convicia
1402 1876 1535 1934 superse
1548 1875 1683 1917 exercere
1695 1863 1724 1913 et
1734 1856 1892 1913 evidenter

181 1963 249 2021 pem
264 1953 335 2006 tunc
345 1949 476 2007 Anacleti
487 1950 605 2008 fidelem
620 1951 790 2025 suppliciter
801 1955 1007 2025 precantur,ut
1061 1965 1232 2023 supereum
1262 1949 1332 2006 velle
1347 1951 1512 2020 insurgere,
1528 1949 1616 2021 coepit
1630 1963 1699 2004 cum
1719 1944 1892 2003 fautoribus

141 2056 151 2076 ·
183 2038 248 2109 ejus
262 2037 473 2096 intercessione
488 2055 621 2097 amorem
647 2039 922 2097 Anacletiinrenire
946 2056 1005 2096 me·
1062 2037 1125 2093 suis
1140 2038 1269 2094 studiose
1279 2044 1404 2095 tractare
1416 2037 1542 2110 qualiter
1556 2036 1629 2093 tanti
1654 2034 1761 2091 veneni
1784 2030 1892 2087 morti·

182 2129 314 2193 reantur,
328 2125 1005 2200 cilicentiamadpossessionessuasremeandi.
1062 2124 1115 2182 leri
1130 2125 1268 2182 ilammas
1280 2130 1381 2199 posset
1390 2126 1589 2195 exstinguere.
1599 2123 1761 2180 Praedictus
1777 2122 1892 2177 interea

183 2214 329 2271 Robertus
343 2214 441 2287 itaque
453 2215 588 2287 princeps
603 2216 718 2289 absque
734 2231 824 2284 mora,
840 2216 1008 2274 anacletum
1063 2213 1422 2287 llolpotohorisnmnibus
1433 2214 1612 2278 minabatur,
1624 2209 1891 2286 quodsiCrescen·

184 2300 268 2366 adiit,
283 2305 311 2357 et
323 2317 390 2357 eum
402 2316 464 2373 pres
479 2302 632 2360 dilectione
645 2303 937 2361 eoruminvenienda
948 2303 1010 2376 pul·
1064 2299 1774 2375 tiusipsesexagintaRomanatos,quosdnaeletus
1790 2296 1894 2353 ei'abs·

185 2388 268 2446 savit.
285 2388 362 2455 Quid
374 2388 477 2446 multis
486 2392 500 2448 i
510 2390 1009 2465 petitionibusprincipisdnaeletus
1064 2390 1170 2447 tulerat
1178 2391 1204 2446 ei
1216 2406 1278 2447 non
1289 2390 1475 2455 reddidisset,
1485 2394 1599 2446 remota
1611 2386 1693 2445 omni
1704 2386 1847 2456 caligine,
1856 2383 1892 2439 de

186 2476 289 2534 favens
303 2476 407 2534 litteris
421 2478 508 2544 datis,
522 2479 669 2537 licentiam
695 2480 850 2547 redeundi,
866 2485 894 2537 et
908 2496 1009 2537 secure
1064 2493 1188 2550 corpore
1194 2478 1219 2551 ej
1225 2478 1569 2535 usinauditamsumeret
1577 2475 1892 2533 ultionemddvocans

184 2564 343 2623 habitandi
357 2565 387 2622 in
401 2566 517 2624 civitate
529 2567 570 2625 eis
584 2567 708 2639 largitur
721 2569 757 2637 ;ii
772 2585 841 2626 vero
852 2568 1011 2626 redeuntes
1064 2567 1685 2640 igiturproedietuscrescentiussuosomnes
1695 2563 1891 2620 fautorescoe·

188 2652 227 2711 ad
239 2653 357 2711 Portam
371 2656 463 2712 saneti
472 2656 620 2713 Laurentii
632 2664 839 2730 pervenerunt,
853 2658 1012 2730 disponen—
1065 2656 1185 2729 pileum
1197 2656 1239 2712 eis
1250 2673 1344 2728 agere,
1358 2657 1431 2731 quid
1440 2672 1527 2727 super
1539 2655 1595 2712 hoc
1610 2659 1684 2710 asset
1700 2651 1887 2709 iaciendum.

186 2745 231 2800 tes
243 2741 277 2798 ad
291 2743 422 2817 propria,
438 2743 535 2803 fronte
547 2745 646 2812 libera,
661 2745 739 2803 sicut
750 2746 790 2803 ad
806 2746 946 2803 anacleto
961 2761 1011 2802 ae·
1066 2744 1664 2818 Parsquippeejusamicorumdiligenter,
1674 2741 1892 2799 etdoloremoto

187 2837 338 2904 ceperant,
357 2833 472 2890 reverti.
500 2834 556 2891 Sed
573 2834 660 2892 turba
685 2835 871 2891 inimicorum
894 2835 1014 2907 eopiosa
1068 2835 1269 2891 crescentium
1286 2833 1366 2890 illum
1381 2833 1522 2899 hortatur,
1539 2839 1566 2888 et
1581 2836 1682 2888 monet
1695 2837 1727 2886 ut
1736 2829 1805 2886 illos
1814 2844 1893 2884 sexs-

188 2918 662 2992 simulcumpradietocreseentic
675 2923 846 2994 insurgens,
860 2922 1015 2980 crudeliter
1069 2922 1148 2995 ginta
1157 2926 1338 2980 Romanatos
1349 2922 1383 2979 de
1394 2923 1479 2978 curia
1489 2920 1636 2993 regalibus
1644 2918 1790 2994 praedicto
1798 2917 1894 2975 redde

188 3023 227 3065 ne
236 3007 400 3079 introirent,
416 3010 556 3069 minatur.
566 3011 622 3084 lpsi
636 3012 890 3086 veroproterviam
901 3029 1013 3079 eorum,
1069 3007 1894 3085 retliolpotoni,quatenusvelsicatentaruina‚ettimoris

189 3099 218 3154 et
233 3096 380 3153 minarum
399 3098 515 3172 copiam
543 3100 703 3158 sentientes
728 3100 832 3158 salutis
859 3100 1016 3158 eonsilium
1031 3136 1054 3197 G
1072 3106 1244 3175 tempestate
1255 3117 1357 3158 secure
1370 3106 1492 3174 possent
1502 3114 1683 3172 permanere.
1694 3098 1740 3154 Ad
1749 3098 1816 3154 haec
1832 3100 1895 3154 Cre·

190 3185 346 3257 arripiunt,
361 3190 390 3242 et
406 3187 624 3259 adpraedictum
638 3189 821 3245 suntreversi
835 3188 1017 3251 desclatum,
1071 3191 1200 3248 scentius
1215 3191 1278 3263 ipse
1293 3206 1393 3246 eoram
1409 3191 1451 3246 eis
1464 3189 1563 3246 aiebat
1573 3205 1604 3245 se
1616 3188 1804 3244 Romanatos
1818 3187 1896 3257 ipsos

191 3273 461 3348 quiadhuccapuae
468 3276 652 3334 morabatur.
663 3277 942 3351 Continunpedibus
950 3279 1017 3352 ejus
1072 3279 1098 3336 ci
1112 3278 1386 3344 redderedubitare,
1400 3279 1626 3352 praecipuecnm
1640 3273 1799 3332 anacletus
1812 3273 1897 3330 illein

190 3362 342 3434 prostrati,
353 3363 465 3430 omnia,
480 3379 547 3436 quoe
560 3364 640 3422 dieta
654 3382 782 3440 quaque
793 3366 871 3424 facta
885 3382 1018 3439 superse
1072 3367 1187 3423 scriniis
1201 3366 1263 3424 suis
1271 3368 1428 3439 pecuniam
1437 3365 1517 3422 illam
1526 3363 1686 3422 detulisset.
1700 3362 1782 3419 Unde
1795 3364 1896 3417 timens

193 3448 1019 3529 fuerant,evestigioretuterunt.anaeternsigitursuper
1072 3455 1230 3519 asserebat,
1240 3455 1351 3528 quodsi
1360 3451 1678 3528 pecuniamillamsine
1688 3448 1896 3508 anacleucon·

190 3534 249 3593 hoc
261 3535 362 3603 iratus,
378 3538 465 3611 eaepit
478 3544 580 3597 contra
605 3542 827 3600 Beneventanus
847 3543 1019 3602 mirabiliter
1071 3542 1136 3600 silio
1144 3543 1290 3609 redderet,
1301 3541 1500 3616 proculdubio
1510 3542 1575 3613 ejus
1585 3541 1744 3597 incurreret
1757 3537 1894 3594 furorem.

192 3622 312 3683 minari.
328 3626 461 3684 Tandem
474 3627 863 3703 exconsultnprincipiseos
875 3631 1016 3688 adcivita·
1071 3631 1148 3688 llum
1162 3631 1237 3700 haec,
1254 3637 1282 3688 et
1300 3632 1358 3688 alia
1372 3632 1530 3687 Beneventi
1548 3634 1701 3701 geruntur,
1711 3627 1895 3685 crescentius

193 3718 254 3772 tem
264 3715 386 3783 remisit,
401 3715 478 3773 dans
491 3716 533 3774 eis
545 3718 727 3776 cardinalem
737 3735 835 3786 suum,
849 3725 881 3777 ut
895 3737 930 3778 eo
954 3723 1018 3779 viso
1071 3719 1272 3792 ipselegatum
1284 3736 1373 3776 suum
1384 3720 1423 3776 ad
1433 3716 1730 3783 Auaeletumdirexit,
1739 3714 1895 3771 notificans

192 3808 221 3862 et
234 3804 337 3862 audito
355 3804 446 3862 fidem
461 3806 576 3873 darent,
592 3822 703 3881 eosque
717 3807 886 3881 pacificead
896 3811 1019 3883 propria
1071 3810 1173 3866 omnia
1186 3826 1255 3883 quae
1270 3810 1297 3865 ei
1312 3809 1491 3876 acciderant,
1509 3815 1538 3864 et
1553 3806 1679 3880 qualiter
1692 3821 1746 3879 pro
1769 3804 1895 3877 pecunia

194 3907 298 3949 eorum
315 3894 421 3950 reverti
435 3895 649 3966 permitterent.
663 3896 810 3954 Venerunt
824 3898 923 3970 itaque
948 3915 1016 3956 cum
1072 3896 1349 3971 Rolpotoniablata,
1359 3896 1610 3970 ipsccumamieis
1620 3895 1894 3964 suismortemquo·

192 3980 336 4055 predicto
350 3980 505 4048 cardinali,
521 3999 582 4057 quo
597 3984 707 4051 audito,
723 3985 865 4059 omnique
879 3986 1018 4059 deposito
1072 3981 1893 4059 tidieexspeetaret.insuperquodproipsiusRolpotonis

193 4068 293 4126 lurore
305 4086 373 4127 cum
380 4070 494 4127 civibus
503 4071 581 4127 cives
588 4072 644 4145 ipsi
656 4077 1019 4146 permanseruntlnterea
1073 4074 1178 4131 timore
1192 4073 1229 4129 de
1243 4073 1575 4146 palatiodescendisset,
1591 4077 1620 4130 ei
1632 4072 1710 4128 inira
1720 4070 1836 4127 Sanctae
1849 4069 1894 4124 Su·

193 4158 328 4233 praelatus
342 4158 468 4231 llolpoto
482 4159 648 4217 amicorum
664 4177 788 4218 suorum
803 4162 893 4219 iretus
908 4163 1018 4220 auxilio
1072 4162 1151 4236 phioe
1162 4163 1332 4219 coenobium
1348 4162 1560 4234 permansisset
1571 4179 1578 4218 ε
1589 4177 1669 4218 nunc
1681 4176 1752 4217 vero
1767 4163 1795 4215 et
1804 4158 1839 4214 de
1849 4171 1893 4228 pe·

193 4246 242 4303 die
254 4251 404 4319 noctuque
419 4263 499 4304 nova
513 4249 762 4322 semperconsilia
773 4254 802 4306 et
811 4251 1019 4307 conventicula
1073 4253 1168 4308 cunia
1183 4250 1260 4307 illius
1275 4250 1448 4316 redditione,
1464 4250 1544 4307 etde
1559 4249 1683 4315 eatenis,
1699 4264 1764 4322 quar
1792 4245 1831 4302 ad
1845 4261 1892 4300 vos

194 4350 284 4408 snper
297 4336 421 4409 prealato
444 4336 621 4402 Crescentis,
645 4340 674 4394 et
685 4339 750 4409 eius
763 4339 1018 4410 conspiratoribus
1073 4339 1221 4407 misimus,
1237 4339 1304 4412 quid
1327 4340 1363 4395 sit
1377 4339 1539 4409 agendum,
1556 4338 1644 4394 uobis
1659 4335 1813 4394 remittatis
1826 4335 1889 4403 (37).

193 4421 1017 4499 palamquandoque,privatimaliquandnadinveniehat.
1073 4427 1229 4484 Proedictus
1245 4428 1344 4501 itaque
1365 4425 1523 4483 Anaeletus
1549 4425 1718 4497 hujusmodi
1744 4422 1891 4478 sinistrum

192 4511 351 4569 Tractabat
371 4512 493 4585 quidem
508 4512 634 4586 liolpoto
647 4513 685 4571 de
707 4515 874 4573 crescentio
901 4521 929 4573 ei
955 4516 1019 4588 ejus
1034 4494 1056 4553 ὓ
1073 4516 1223 4589 accipiens
1238 4515 1379 4587 legatum,
1394 4515 1494 4572 dolore
1506 4514 1604 4571 cordis
1626 4513 1772 4576 turbatus,
1796 4509 1891 4566 vocari

193 4600 400 4657 consentaneis
414 4600 661 4675 ultiouispoenam
667 4603 811 4676 accipere,
825 4604 1019 4660 reminiscens
1073 4605 1140 4661 lecit
1153 4604 1302 4676 quosdam
1314 4619 1437 4660 suorum
1449 4603 1622 4667 amicorum,
1635 4607 1664 4658 et
1676 4616 1746 4657 cum
1756 4600 1808 4665 eis,
1824 4597 1891 4672 quid

193 4688 315 4755 doloris,
328 4693 356 4746 et
371 4689 556 4763 captivitatis,
570 4691 716 4765 simulque
730 4692 805 4749 herti
817 4694 864 4749 sui
876 4694 1020 4750 venditio-
1073 4692 1152 4749 iacto
1165 4707 1239 4766 opus
1249 4698 1335 4757 esset,
1351 4692 1498 4749 tractavit.
1509 4690 1652 4758 Quadam
1668 4705 1738 4746 vern
1753 4690 1891 4761 parsejns

193 4777 252 4848 nis,
264 4782 293 4834 ei
303 4778 427 4850 qualiter
442 4777 596 4852 sexaginta
606 4782 788 4838 llomanatos
802 4797 854 4853 per
864 4797 915 4838 eos
927 4782 1019 4854 perdi·
1072 4782 1249 4848 amicorum,
1272 4783 1304 4835 ut
1322 4780 1494 4836 redderetur
1508 4779 1644 4852 pecunia,
1662 4794 1714 4850 pro
1724 4768 1786 4851 uua
1802 4783 1893 4833 rector

192 4867 1018 4943 disset.Praedictusautemcrescentiusllolpotonisillius
1073 4871 1148 4941 ejus,
1161 4874 1188 4925 et
1201 4867 1303 4925 civitas
1313 4868 1432 4924 turbata
1443 4867 1619 4939 trepidabat,
1628 4865 1826 4923 confirmavit.
1839 4864 1893 4921 Sed

192 4960 221 5012 ei
231 4955 468 5025 eiusamieorum
479 4962 659 5024 murmur,et
668 4958 818 5014 minarum
830 4963 955 5015 terrores
970 4959 1019 5016 de·
1073 4956 1287 5027 anacletus,[ut
1298 4964 1360 5012 erat
1373 4956 1480 5027 viperei
1493 4956 1601 5022 cordis,
1617 4955 1720 5028 dejecit
1733 4954 1893 5021 eonsilium,

191 5041 378 5116 prehendens
388 5043 425 5100 da
437 5044 546 5117 palatio
556 5044 646 5101 eurise
656 5045 814 5115 descendit,
826 5053 853 5103 et
864 5047 945 5119 apud
957 5063 1019 5104 mo·
1074 5051 1102 5102 et
1116 5046 1284 5101 crescentio
1309 5043 1468 5115 delegarit,
1484 5045 1642 5117 pecuniam
1655 5043 1736 5099 illam
1753 5057 1814 5098 non
1832 5042 1893 5098 red·

192 5131 354 5188 nasterium
364 5132 788 5207 SancteSophioepermansit:
800 5135 1019 5208 relatumsiqui·
1074 5134 1154 5192 dere.
1172 5137 1233 5191 Vita
1248 5134 1327 5190 enim
1352 5134 1468 5200 comite,
1484 5133 1548 5206 ipse
1562 5133 1762 5189 Beneventum
1778 5132 1890 5202 veniret,

227 5325 285 5397 (37)
300 5324 453 5381 Dissonam
466 5326 513 5397 qui
533 5326 630 5384 videas
645 5327 745 5385 ecdem
767 5328 797 5385 in
811 5333 945 5386 contextu
960 5345 1018 5387 ser·
1074 5345 1164 5400 quens
1179 5327 1233 5383 init
1245 5344 1278 5384 ee
1297 5326 1417 5383 variatio
1432 5326 1506 5398 apud
1526 5330 1657 5381 auctores
1677 5324 1782 5380 mediae
1794 5324 1889 5381 atatis.

190 5396 286 5455 monis
298 5397 424 5453 formam
439 5398 581 5469 usurpari,
608 5414 644 5455 ne
667 5400 766 5456 deesse
788 5400 835 5455 hic
859 5401 1018 5473 quidquam
1075 5400 1145 5456 Vide
1159 5398 1312 5454 Historiam
1332 5398 1447 5454 lliscell.
1464 5397 1513 5453 lib.
1528 5413 1576 5461 xv,
1592 5396 1638 5453 ubi
1652 5397 1687 5451 de
1701 5396 1812 5452 tustino
1826 5395 1888 5467 imp.

190 5467 462 5541 suspiceris;sicuti
487 5484 540 5524 nec
560 5469 596 5525 ad
622 5485 731 5525 annum
769 5472 848 5537 1137,
879 5472 926 5527 ubi
959 5488 1016 5529 non
1074 5477 1101 5527 et
1115 5469 1309 5527 anastasium.
1330 5469 1401 5525 Bibl.
1422 5470 1450 5524 in
1477 5467 1662 5533 Silveriohis‚
1680 5471 1707 5524 te
1729 5467 1888 5540 inVigilio:

191 5540 310 5599 omnino
338 5538 433 5615 impar
448 5539 554 5615 legitur
574 5539 697 5598 elocutio
718 5560 725 5601 :
746 5556 804 5598 non
830 5542 908 5600 enim
930 5542 1018 5600 inire
1073 5542 1175 5599 omitto
1183 5546 1366 5615 anonymum
1379 5540 1513 5598 Salernit.
1524 5538 1675 5598 ineditum.
1689 5540 1808 5595 Prason.
