3884 6050
199 266 276 327 1113
817 263 997 330 remorta
1016 264 1282 328 smutturam.
1832 261 1907 323 esst

195 394 319 454 bertatis
333 397 363 453 et
376 396 541 456 securitatis
556 398 671 456 donum
681 398 770 457 nobis
780 398 971 470 dignatusest
986 397 1024 455 mi
1040 400 1064 462 Α
1078 414 1191 458 rasere.
1207 399 1321 467 Quibus
1332 398 1374 456 ita
1385 398 1584 470 congregatis,
1599 411 1652 455 rex
1663 396 1721 463 ille,
1736 397 1771 454 ut
1789 399 1907 452 eratse·

196 483 514 543 eericordiasualesus
529 487 660 545 Christus
667 488 779 560 largiri,
793 494 822 544 et
833 487 945 544 meritis
963 501 1022 543 non
1079 488 1270 559 gacisanimi,
1280 486 1590 562 providiqueconsilii,
1601 487 1808 560 priuspartem
1823 488 1908 541 tnno·

195 572 427 630 nostrisoffcrre.
438 575 514 641 Quid
524 576 771 635 multalextanto
781 577 865 634 nobis
881 590 1024 633 concesso
1078 577 1165 635 centii
1181 577 1342 651 quatriduo
1353 576 1495 650 usquead
1510 591 1652 633 occasum
1676 574 1866 638 mirabiliter,
1879 578 1906 629 et

194 661 352 727 beneficio,
363 661 525 736 affirmato,
535 665 615 722 cives
623 666 763 738 universi,
780 665 911 731 servitia,
926 669 955 720 et
970 663 1024 719 ho
1078 665 1154 723 ultra
1164 667 1346 740 quamcredi
1361 670 1468 740 potest,
1477 665 1849 738 examinavit3scqucnter
1857 678 1907 718 au·

196 765 270 807 nore
283 749 406 824 praelato
420 753 483 824 regi
498 752 621 826 polliciti
636 760 712 822 sunt,
727 760 755 812 et
778 755 843 811 sine
857 753 1024 811 offensione
1078 760 1139 812 tem
1145 756 1276 813 anacleti
1284 755 1559 829 partemquatriduo
1565 753 1906 827 similiterperscrutatus

198 839 237 897 ad
245 839 310 911 ejus
319 846 500 912 praeceptum
507 842 645 901 famulari
653 845 793 916 (titillor
804 849 946 917 praterea
958 842 1023 899 Rai-
1078 849 1132 899 est.
1150 844 1283 902 Studiose
1294 842 1427 914 igitur,et
1437 843 1594 916 diligenter
1603 842 1740 916 partibus
1749 843 1908 913 utriusque

196 927 324 1001 nulpbus
336 945 426 1002 supra
446 940 620 990 memoratus
630 933 756 990 audiens
775 948 876 1005 regem
888 931 1023 989 illumsic
1078 931 1230 989 electionis
1241 932 1364 1003 auditis,
1381 948 1433 989 rex
1447 933 1512 1006 ipsa
1523 932 1636 988 clerum
1647 946 1768 988 omnem
1777 935 1806 986 et
1815 944 1907 1002 popu-

197 1017 493 1084 devictumetanimo
512 1027 801 1080 consternatumcum
817 1022 1023 1095 paucisSater·
1077 1019 1141 1077 lum
1149 1020 1275 1078 civitatis
1287 1021 1479 1078 Salernitana
1492 1021 1668 1092 congregari
1697 1018 1867 1083 mandavit,
1881 1023 1908 1073 et

196 1107 756 1183 nitanamciritatemiuisseingressum,
768 1111 892 1169 consilio
907 1110 1022 1180 habito,
1077 1111 1284 1184 episcopos,et
1297 1111 1423 1168 abbates
1431 1111 1692 1176 monasteriorum,
1701 1109 1907 1183 quiconvane·

196 1195 276 1253 mille
293 1196 353 1254 tere
367 1198 703 1273 equites,etApalorum
717 1201 851 1274 peditum
863 1199 1022 1256 multitudi·
1076 1205 1153 1266 rant,
1170 1204 1200 1257 et
1216 1215 1319 1257 coram
1333 1199 1376 1255 eis
1390 1198 1487 1256 taliter
1498 1205 1675 1255 exorsusest
1690 1215 1697 1254 :
1714 1219 1729 1251 s
1752 1197 1908 1255 [lominiet

196 1290 538 1362 nencongragavtnnec
548 1291 759 1363 mora,Trojam
770 1291 916 1348 dimittens
930 1289 1021 1363 capti·
1076 1287 1566 1357 iratres,crcdimnsvestramnon
1587 1288 1678 1346 latere
1706 1287 1905 1361 prudentiam,

195 1381 294 1435 vatam
306 1381 399 1434 totam
410 1393 472 1434 sum
482 1378 612 1449 alligavit
625 1380 775 1454 potestati,
787 1385 815 1437 et
833 1379 902 1437 inde
922 1394 1023 1452 proce·
1077 1394 1139 1451 qua
1152 1377 1190 1434 de
1203 1394 1235 1435 re
1249 1377 1416 1435 cardinales
1427 1378 1499 1435 istos
1515 1378 1608 1451 partis
1620 1376 1774 1450 utriusque
1785 1375 1906 1433 fecerim

196 1465 272 1522 dens
286 1481 376 1538 super
392 1467 508 1524 comitis
529 1469 645 1539 Rogerii
670 1470 824 1526 debriano
845 1468 1023 1526 comitatum
1078 1466 1501 1540 convocari3putavietenim.
1515 1471 1658 1539 quantum
1673 1471 1783 1522 noemae
1803 1466 1905 1522 attinet

198 1554 695 1628 advenit‚t1uicontinuotllerium
709 1561 811 1624 Draco,
825 1563 854 1614 et
865 1555 1023 1614 Robertum
1077 1556 1188 1624 virtuti,
1205 1555 1253 1613 tali
1264 1560 1291 1613 et
1302 1560 1383 1613 tanto
1391 1555 1511 1626 negotio
1523 1556 1616 1612 finem
1629 1555 1796 1624 imponere,
1817 1559 1849 1610 et
1859 1554 1903 1624 ju·

198 1642 237 1699 de
251 1642 280 1700 la
290 1647 392 1710 ltarra,
404 1649 433 1700 et
452 1644 611 1702 liebertum
623 1647 660 1703 de
683 1646 889 1718 Petramajori,
919 1652 948 1703 et
967 1646 1024 1702 Ro
1078 1645 1164 1702 stitia
1173 1645 1311 1703 semitam
1326 1644 1479 1702 evidenter
1487 1644 1603 1710 sectari,
1626 1643 1680 1700 sed
1702 1644 1776 1717 quia
1804 1642 1901 1701 multia

196 1730 316 1788 bertum
326 1731 362 1788 de
375 1731 561 1800 Potolranco,
574 1734 703 1808 aliosque
722 1734 854 1792 Berones
871 1734 964 1807 ipsius
977 1749 1025 1789 co
1040 1763 1063 1821 B
1078 1731 1798 1807 quaestionibusvariisqueresponsionibusanimua
1810 1738 1904 1788 noster

198 1819 280 1876 mitis
300 1835 362 1877 sura
381 1820 554 1893 subjugavit
570 1822 685 1880 ditioni.
713 1824 869 1881 Postremo
882 1823 1024 1880 eumdem
1079 1822 1250 1895 impeditur,
1264 1822 1406 1894 solusego
1421 1822 1575 1896 superhoc
1582 1826 1665 1879 tanto
1673 1821 1795 1893 negotio
1813 1821 1904 1877 tinem

200 1907 336 1965 comitem
349 1909 507 1980 nogariam
517 1911 557 1967 ad
568 1927 652 1968 suam
661 1911 1024 1982 coegitvoluntatem.0ui·
1079 1909 1251 1983 impendere
1264 1926 1382 1984 nequeo
1397 1928 1404 1966 ε
1417 1911 1525 1968 undesi
1539 1909 1664 1967 dominis
1671 1909 1734 1966 istis
1750 1909 1905 1966 cardinali

198 1996 258 2053 bus
278 1997 318 2054 ita
339 1999 466 2070 peractis
477 1998 540 2055 dux
558 1999 619 2072 ipse
630 2016 723 2074 prope
738 2000 893 2058 castellum
904 1999 1025 2058 Paludis
1079 1998 1138 2056 bus
1152 1999 1280 2068 videtur,
1294 2000 1430 2057 ordinem
1444 1999 1733 2074 utriusquescribant
1742 1998 1904 2064 electionis,

199 2100 324 2142 suornm
346 2086 452 2144 virtute
465 2087 589 2161 stipatus
599 2093 832 2156 castrametatur,
848 2089 895 2146 die
907 2088 1025 2163 quidem
1080 2092 1108 2145 et
1120 2089 1159 2146 ab
1167 2089 1622 2163 utraqueparteunusmecumin
1639 2087 1770 2145 Siciliam
1785 2087 1907 2144 descen-

200 2173 402 2232 Kalendarum
412 2176 593 2234 Decembris.
607 2178 770 2236 Mirabatur
780 2181 892 2236 interea
900 2178 1026 2252 populus
1079 2177 1505 2249 datcardinalis,ubi,lavante
1527 2177 1906 2234 Dominoltativitatislesu

199 2265 427 2323 Beneventanus
439 2267 569 2324 deducis
577 2267 654 2325 illiue
663 2267 823 2341 Bainulphi
831 2266 1024 2334 continentia,
1079 2265 1185 2323 Christi
1202 2266 1360 2324 saluatoris
1375 2266 1563 2324 testivitatem
1587 2265 1764 2323 celebraturi
1791 2282 1906 2331 sumus,

200 2358 230 2411 et
242 2354 272 2409 in
283 2354 419 2428 praedicti
428 2356 505 2428 regie
518 2371 619 2413 amore
633 2361 663 2414 et
674 2357 827 2423 fidelitate,
841 2362 870 2413 et
893 2356 1026 2414 anacleti
1079 2354 1907 2429 ibiquesapientesarchiepiscopos,episcopos‚aliosque

200 2445 319 2501 servitio
338 2444 396 2511 die,
406 2450 555 2519 noctuque
566 2446 650 2504 simul
671 2462 740 2504 cum
769 2446 895 2505 Domino
922 2449 1027 2504 Rosea·
1080 2444 1769 2518 inveniemusprudentisanimiviros,quorum
1781 2444 1908 2500 consilio

200 2534 452 2592 mannoantistite
465 2534 651 2607 invigilabat·
1080 2534 1215 2591 anacleti
1233 2538 1348 2607 partem
1362 2534 1561 2608 usquemodo
1577 2538 1707 2590 sectatus
1718 2548 1788 2589 sum
1817 2537 1908 2589 :tunc

236 2621 322 2678 Aliud
335 2638 456 2696 qnoque
469 2638 530 2681 non
543 2623 704 2697 tegendum
719 2624 835 2683 silentio
850 2624 1026 2683 fraternitati
1080 2622 1673 2695 enimipsorumaliorumquesapientum
1683 2622 1908 2693 consiliosuper

201 2711 1024 2787 vestraexpttcabo.cumpratatusabbasdeelaravatle,
1079 2711 1138 2768 hoc
1149 2712 1279 2783 negotio,
1294 2711 1395 2769 divina
1412 2711 1577 2784 inspirante
1598 2711 1767 2776 clementia,
1780 2710 1906 2766 certissi-

201 2799 246 2858 vir
258 2800 347 2858 valde
356 2801 501 2859 mirabilis
515 2806 543 2859 et
556 2802 702 2860 discretus
714 2804 752 2861 de
766 2802 877 2861 ioedere
891 2803 986 2878 pacis,
998 2808 1027 2861 et
1080 2815 1165 2857 mum
1177 2802 1280 2868 finem,
1291 2805 1436 2874 qrraotum
1450 2815 1526 2856 mete
1534 2800 1636 2857 attinet
1649 2799 1797 2871 potestati,
1812 2800 1905 2868 impo

204 2888 1025 2963 Ecclesimuniteteoumnominatoregeconfabularetur,
1081 2888 1449 2947 nemus.»Card1nalisad
1474 2889 1539 2945 brec
1565 2888 1706 2946 Girardua
1728 2888 1904 2961 respondit:

201 2977 320 3036 assidue
339 2994 392 3037 rex
402 2979 464 3054 ipse
478 2995 547 3037 cum
566 2980 676 3040 abbate
691 2981 740 3039 illo
753 2981 902 3049 stabilivit,
918 2985 952 3039 ut
965 2984 1026 3039 tres
1084 3000 1095 3031 s
1109 2979 1213 3039 Sciatis
1222 2994 1336 3047 revera,
1351 2978 1497 3052 quoniam
1509 2992 1546 3035 ex
1559 2982 1642 3052 parte
1655 2981 1759 3035 nostra
1773 2978 1906 3035 ordinem

202 3066 365 3124 cardinales
378 3083 415 3124 ex
426 3073 510 3141 parte
521 3069 674 3127 Innocenti
690 3084 783 3143 papa,
799 3071 924 3144 quiejm
936 3071 1026 3127 inter·
1081 3070 1293 3142 partisnostrae
1304 3083 1360 3124 nos
1369 3083 1475 3125 omnes
1483 3067 1648 3125 scribemus
1664 3083 1670 3123 ι
1687 3065 1819 3123 audistis
1830 3066 1907 3124 enim

201 3155 327 3214 luissent
337 3157 472 3215 electioni
482 3159 522 3215 ad
535 3174 637 3230 regem
652 3159 753 3232 ipsum
767 3159 911 3228 venirent,
926 3165 954 3217 et
968 3165 1027 3216 tres
1082 3174 1117 3216 ex
1127 3175 1178 3217 ore
1188 3163 1292 3215 nostro
1302 3157 1408 3214 sariam
1416 3156 1580 3222 electionis,
1589 3156 1715 3213 audistis
1724 3156 1833 3213 omnia
1842 3170 1905 3228 quse

202 3249 333 3318 exparte
347 3245 477 3302 enectatt
489 3251 517 3303 et
541 3247 678 3305 ordinem
702 3247 856 3305 electionis
875 3249 1027 3321 utriusque
1081 3263 1211 3320 eumque
1223 3250 1303 3304 circa
1315 3261 1371 3302 nos
1383 3250 1466 3317 gesta
1481 3250 1571 3302 sunt:
1587 3244 1771 3302 cardinalem
1782 3244 1906 3318 quidem

202 3332 266 3403 regi
273 3332 327 3405 ipsi
333 3333 526 3400 insinuarent,
534 3335 642 3392 deinde
649 3351 700 3393 rex
708 3336 782 3410 ipse,
797 3336 901 3394 ordine
912 3337 1025 3403 audito,
1081 3337 1233 3394 mittemus
1245 3334 1411 3393 cuidonem
1423 3335 1461 3392 de
1473 3334 1608 3401 castello,
1625 3334 1796 3407 sapientem
1808 3335 1908 3407 utique

203 3420 359 3493 utriusque
365 3422 639 3493 partissauctiorem
648 3424 835 3496 etjustiorem
842 3423 963 3497 eligeret
972 3425 1029 3481 ele·
1082 3426 1175 3484 virum
1188 3427 1217 3481 et
1229 3423 1401 3490 discretum3
1414 3425 1466 3497 qui
1479 3422 1648 3492 vobiscum,
1664 3423 1740 3480 sicut
1754 3422 1857 3496 petitis
1873 3422 1907 3479 ad

203 3507 344 3579 ctionem,
359 3514 388 3567 et
411 3510 453 3566 sic
467 3510 577 3584 Spiritu
599 3516 703 3570 sancto
724 3512 849 3579 favente,
886 3515 924 3571 ad
945 3515 1028 3588 pacis
1083 3511 1537 3582 Siciliamveniat,deindesicut
1559 3511 1910 3585 sapientisevestraspla·

202 3596 368 3672 perveniret
381 3614 451 3657 cum
464 3599 553 3657 totius
564 3601 702 3673 suiregni
712 3602 920 3674 magnitudine
939 3603 1028 3660 firma
1082 3602 1186 3671 cuerit,
1197 3600 1368 3675 perficiatis,
1386 3600 1510 3674 Spiritus
1526 3604 1648 3658 sanctus
1668 3600 1845 3657 Paracletus
1861 3616 1909 3656 cor

203 3691 349 3759 mentum,
361 3691 507 3761 quantum
520 3688 552 3744 in
562 3689 608 3746 sui
618 3688 755 3748 arbritrio
767 3690 927 3749 etscientia
939 3693 1029 3749 conti·
1081 3695 1214 3748 uestrum
1229 3688 1387 3757 illuminet,
1403 3692 1432 3746 et
1443 3689 1533 3747 corde
1547 3694 1627 3746 recto
1646 3689 1686 3746 ad
1696 3689 1875 3753 Ecclesiam,
1885 3694 1910 3745 et

204 3779 297 3833 aeret.
306 3777 489 3850 Cognoverat
501 3776 592 3848 enim,
602 3778 786 3853 firmiterque
801 3779 977 3853 crediderat,
986 3785 1029 3838 to
1083 3780 1214 3836 veritatis
1227 3778 1330 3836 lumen
1339 3778 1492 3852 perducat.
1508 3799 1520 3829 r
1535 3781 1579 3846 Et,
1591 3778 1640 3835 bis
1650 3779 1733 3844 actis,
1749 3777 1911 3852 unusquis·

203 3864 263 3923 tius
276 3865 380 3922 mundi
392 3865 582 3923 Christicolas
595 3866 672 3940 parti
686 3867 786 3925 lavere
809 3869 982 3937 innocentii,
1001 3874 1029 3926 et
1083 3868 1188 3941 quaed
1195 3866 1475 3941 propriaremaavit.
1482 3866 1637 3925 Alteradie
1652 3866 1835 3924 adveniente
1842 3881 1911 3940 prae

204 3954 267 4025 eius
281 3952 487 4026 pontificatum
508 3956 643 4013 venerari
655 3975 662 4025 ;
675 3956 739 4029 ipse
756 3973 829 4016 vero
852 3957 935 4016 solus
958 3974 1029 4015 cum
1083 3958 1180 4014 dictus
1195 3955 1338 4012 Girardus
1353 3954 1514 4012 cardinalis
1530 3971 1600 4012 cum
1613 3954 1828 4012 suisrerersus
1847 3960 1908 4012 est:

204 4129 335 4187 centium
349 4145 472 4204 papam,
488 4137 517 4188 et
535 4132 707 4191 anacletum
726 4133 896 4208 delegatum
921 4141 974 4203 est,
1002 4141 1031 4195 et
1083 4152 1153 4208 rege
1167 4135 1364 4209 rpoiecturus,
1375 4134 1672 4192 sicutetatutumest.
1689 4136 1828 4207 Experto
1841 4149 1910 4191 vero

204 4234 292 4275 cursu
304 4218 410 4293 rapido
423 4221 501 4291 regis
513 4222 620 4294 positio
629 4222 801 4281 destinatur.
811 4224 1030 4298 Placuititaque
1084 4224 1212 4283 Anacleti
1221 4223 1354 4281 similiter
1361 4222 1605 4281 cardinalisalius
1611 4222 1787 4280 destinatur.
1797 4224 1910 4290 Quibus

204 4306 257 4374 eis,
274 4313 302 4364 et
314 4308 437 4366 consilio
451 4325 556 4367 eorum
571 4310 689 4367 tirmato
707 4327 741 4368 ex
763 4319 848 4385 parte
868 4314 1031 4371 innocentii
1085 4310 1764 4390 patratis,navigioparaturasipseadSiciliam
1773 4312 1911 4369 uansire

205 4397 369 4454 Aimericus
385 4398 589 4467 cancellarius,
604 4405 633 4456 et
648 4401 788 4457 Girardus
809 4401 970 4460 cardinalis
986 4403 1030 4460 vir
1085 4404 1166 4461 tavit.
1191 4405 1253 4459 [lux
1276 4408 1419 4475 praeterea
1443 4400 1628 4474 Rainulpbus
1649 4401 1713 4471 J‘am
1736 4400 1912 4457 nominatus

206 4486 292 4543 valde
305 4487 482 4543 venerabilis
495 4488 585 4544 simul
606 4504 674 4545 cum
700 4491 840 4562 praedicto
861 4490 967 4548 abbate
993 4494 1031 4549 de
1048 4484 1071 4545 [l
1085 4491 1241 4567 praefatum
1253 4489 1407 4547 castellum
1417 4489 1537 4547 Paludis
1545 4489 1669 4546 viriliter
1683 4489 1813 4555 obsedit,
1830 4488 1912 4564 quod

207 4573 1031 4650 claravalleSalernumsuperbuJ'usmodieleotioneven·
1084 4577 1915 4655 praeliismultis,etmachinationibusquotidieexpugna·

207 4661 319 4720 tilanda
355 4663 549 4720 advenerunt.
561 4667 600 4721 Ex
622 4670 706 4739 parte
724 4682 795 4724 vero
805 4668 938 4726 Anacleti
962 4671 1032 4726 tlat-
1084 4671 1146 4728 bat.
1162 4668 1271 4725 Videas
1285 4673 1386 4725 autem
1396 4666 1456 4724 dux
1469 4667 1533 4740 ipsa
1549 4667 1704 4724 castellum
1716 4666 1789 4723 illud
1805 4683 1915 4740 capere

207 4750 512 4816 thauscaocellarius,
523 4759 552 4809 et
563 4753 802 4812 PetrusPisanus
816 4755 989 4822 cardinalis,
1004 4762 1033 4813 et
1085 4773 1146 4816 uon
1154 4773 1256 4832 posse,
1264 4755 1750 4825 consiliohabito,castellumillud
1758 4756 1882 4820 dimisit,
1889 4760 1915 4812 et

207 4838 365 4898 cardinalis
378 4837 453 4896 alius
467 4841 589 4898 nomine
603 4842 758 4915 Gregorius
777 4843 912 4901 similiter
920 4846 1032 4903 accele-
1085 4847 1241 4904 infinibus
1256 4844 1380 4902 Aliianis
1389 4844 1530 4901 secessit:
1544 4846 1597 4918 qui
1610 4846 1751 4902 continuo
1768 4845 1915 4902 civitaten

244 4985 302 5056 (tlt)
318 4982 449 5065 Fortasse
474 4997 480 5037 :
504 4984 721 5067 siueoffcarionc
740 4984 857 5068 Romani
876 4986 1029 5058 pontificis.
1084 4987 1480 5059 minumaccepit,etciuitati
1493 4988 1716 5054 Beneuentum,
1729 4988 1915 5055 etperrortas

207 5058 399 5113 Beneventani
414 5057 510 5113 autem
523 5054 606 5111 libari
620 5055 655 5111 ab
679 5057 872 5113 exactionibus
898 5058 1032 5113 omnibus
1086 5062 1167 5130 requi
1178 5059 1326 5130 suipertes
1336 5058 1570 5124 mendacitatem
1590 5064 1705 5127 patrem
1730 5059 1915 5115 eldeminster

208 5126 322 5198 Rogerii
342 5118 490 5196 privilegio
516 5126 630 5193 redditi,
646 5143 698 5183 sua
720 5128 872 5184 servitiaei
895 5129 1032 5200 promise·
1086 5132 1239 5201 accepisse.
1253 5130 1312 5186 Nos
1326 5128 1744 5199 calamiitterisejurocceptis',
1760 5128 1915 5186 mintriunt

207 5204 276 5256 runt
290 5196 358 5263 ·,sad
377 5195 486 5265 pridem
503 5202 684 5254 concesserat
697 5199 860 5256 Anucletus.
877 5201 1032 5257 Asellium
1086 5200 1675 5270 tttumetpatremcocaetmus.schismati
1686 5201 1915 5257 sicrcnuotiasse

209 5269 359 5327 bominum
371 5266 837 5343 Beneemttinquttinatptomate
848 5271 979 5411 sukrcrius
991 5288 1034 5328 re·
1085 5272 1200 5329 ridetur
1212 5271 1347 5343 Rogcrius
1363 5288 1370 5339 ;
1386 5289 1441 5343 pax
1458 5276 1557 5328 tamen
1582 5271 1657 5327 inter
1683 5270 1776 5337 illum,
1792 5276 1821 5326 et
1835 5273 1914 5328 luno

209 5341 279 5405 lato,
294 5344 395 5395 contra
410 5335 499 5393 hostes
515 5344 574 5421 teor
601 5341 751 5412 larcianae,
773 5350 800 5399 et
823 5360 870 5398 corr
894 5359 1033 5401 amamus.
1087 5343 1214 5400 centium
1229 5348 1326 5399 secuta
1336 5342 1415 5399 haud
1425 5346 1478 5408 est,
1499 5358 1584 5416 quem
1604 5358 1681 5398 auno
1700 5345 1775 5408 1131,
1790 5346 1822 5398 ut
1838 5343 1911 5400 idem

209 5412 287 5478 Quos
302 5424 378 5489 anuo
393 5413 523 5491 sequent}
546 5411 614 5466 1138
637 5412 765 5484 obsequii
778 5413 822 5469 sui
836 5414 979 5486 specimen
996 5413 1035 5471 ei·
1088 5420 1185 5471 noster
1195 5414 1290 5479 babet,
1305 5413 1443 5487 praetatus
1455 5429 1530 5486 papa
1541 5413 1569 5469 in
1583 5416 1714 5469 Romane
1726 5414 1840 5484 synodo
1860 5432 1912 5470 ese

210 5485 277 5541 dem
290 5480 415 5563 dedisse,
441 5480 572 5552 perbibet
590 5482 683 5549 Falco,
707 5500 772 5539 cum
795 5483 856 5541 ait:
880 5486 1035 5542 Pradr'ctee
1089 5485 1480 5544 cutiseaccmmueisatieais
1494 5484 1638 5558 alliqaeit.
1652 5487 1769 5541 maron.

207 5554 415 5615 cadomensem
434 5553 738 5631 praemitterentur·
750 5555 781 5612 iu
805 5561 960 5628 petreae
987 5556 1036 5614 do-
