3884 6050
203 248 262 309 w
767 245 928 306 annuunt
946 242 1101 303 ABBA'HS
1120 244 1152 309 S,
1170 240 1352 305 TRQONIS
1859 242 1923 303 ata

205 369 763 445 oetapudGhovelinghen,Rchendale,
773 374 916 431 Sanctum
929 367 1028 444 sepul·
1042 364 1067 424 Δ
1086 368 1437 429 risdictionemnostram
1451 370 1510 428 sihi
1522 369 1688 444 campsvit.
1705 369 1835 430 Emdem
1848 368 1924 426 vio-

205 476 302 526 crum,
317 463 346 516 et
358 458 470 533 partim
494 460 575 533 apud
596 463 739 520 Sanctum
753 460 953 535 Genghullum
969 462 1030 517 Deo
1086 457 1212 517 lenciam
1225 458 1419 517 nobisintulit
1432 458 1665 517 duxBrnbaneie
1676 458 1790 517 invillis
1802 457 1921 516 nostris

206 548 387 617 serviebant,
399 548 430 605 in
441 564 536 607 uuum
545 549 646 608 locum
657 550 785 623 collegit,
794 555 823 608 et
836 552 867 608 in
882 548 1030 607 suburbio
1085 547 1142 605 sub
1156 548 1350 608 dominiosuo
1362 550 1486 607 situatis.
1500 546 1919 623 Dequagrariviolenciaiste

205 638 244 697 de
277 637 450 697 schuroven
477 637 508 695 in
535 637 644 697 allodio
667 644 695 698 et
706 639 843 698 districtu
854 636 1031 698 monasterii
1084 636 1211 695 devotus
1234 637 1331 696 abhas
1353 636 1520 695 willelmus
1548 636 1757 695 viscerabiliter
1775 635 1852 695 flens
1883 638 1921 692 et

205 727 300 785 nostri
310 725 1032 799 ecclesiaminhonoremsanetehgnetiseonstru·
1084 724 1401 796 ingemiscens,cuma
1415 726 1477 782 suis
1489 725 1763 784 seemtariisamicis
1772 723 1919 782 denimia

204 816 258 883 xit,
274 814 314 873 ad
332 831 425 889 wem
439 815 564 873 eontulit
578 816 719 891 reliquias
729 816 950 892 decerperihus
964 829 1032 872 san·
1084 813 1276 887 impatiencia
1289 815 1527 887 redargueretur,
1540 814 1599 873 hoo
1615 813 1714 872 solnm
1735 812 1831 871 solatii
1851 810 1918 869 sibi

206 910 322 963 ciorum
338 908 397 971 tlt,
409 902 460 961 ubi
475 903 621 962 edificatis
634 923 688 980 per
699 907 796 978 girum
810 903 1030 971 mansionibus,
1084 905 1265 961 remansisse
1278 904 1362 971 dixit,
1381 904 1464 978 quod
1480 909 1585 962 eontra
1608 903 1794 961 voluntatem
1821 916 1917 959 suam

205 992 456 1053 murumflrmum
462 992 493 1050 in
504 993 698 1053 munitionem
706 994 887 1070 circumponi
893 1007 1032 1068 procura·
1085 991 1176 1048 talem
1190 991 1364 1050 violenciam
1378 1008 1488 1067 passus
1502 992 1566 1051 luit.
1581 993 1666 1051 item.
1677 990 1786 1049 Eodem
1798 989 1918 1054 annox)

204 1081 258 1140 vit.
270 1081 410 1155 obcujus
420 1086 595 1156 perpetuam
608 1085 784 1144 memoriam
797 1083 940 1159 magistra
950 1079 1033 1152 begi-
1084 1079 1156 1136 idus
1171 1079 1334 1154 tuitioni),
1350 1080 1631 1140 diedomicicainter
1643 1096 1757 1139 nonam
1768 1083 1916 1152 etvespe·

204 1186 315 1229 narum
327 1170 358 1227 in
372 1169 626 1243 diedepositionis
645 1172 725 1231 beati
735 1171 881 1230 i'rudonis
896 1168 981 1227 offert
992 1167 1032 1225 ad
1085 1182 1145 1239 ras,
1161 1169 1267 1227 cecidit
1281 1163 1914 1240 mediaetmajorturrismonasteriinostri,

205 1259 298 1318 altere
310 1274 406 1317 unum
418 1274 542 1317 aureum
554 1260 713 1320 denarium
721 1262 871 1320 valentem
883 1264 1031 1331 egressos
1086 1271 1156 1314 eum
1164 1263 1242 1315 esset
1255 1275 1330 1316 aura
1343 1259 1463 1333 penitus
1477 1258 1648 1333 tranquilla.
1656 1257 1751 1331 liujus
1757 1256 1843 1315 ruine
1849 1253 1915 1311 lore

204 1352 330 1406 veteres.
344 1346 492 1406 Tenentur
506 1348 595 1407 etiam
613 1350 719 1408 eedem
734 1349 841 1422 begine
855 1347 948 1407 blada
975 1361 1032 1403 sua
1086 1359 1211 1403 causam
1222 1345 1371 1414 dixerunt,
1386 1346 1551 1421 quinareus
1565 1348 1645 1405 volte
1658 1344 1823 1420 quisubtus
1836 1346 1914 1407 erat,

206 1436 318 1496 molera
329 1436 369 1495 ad
381 1436 584 1497 molendinum
596 1443 731 1498 nostrum
744 1440 775 1498 iu
801 1437 927 1503 mervile,
942 1439 1033 1509 prout
1087 1432 1146 1491 sub
1159 1450 1222 1509 quo
1233 1435 1347 1510 capella
1353 1436 1446 1494 sancti
1456 1434 1728 1510 Nyeholaiexstitit,
1742 1431 1914 1491 uhicotidie

205 1524 340 1583 inliteris
359 1524 430 1583 inde
454 1526 595 1584 contectis
627 1527 748 1602 plenius
760 1526 1030 1586 carucatarum.
1086 1536 1140 1595 per
1158 1539 1302 1582 unumex
1315 1530 1464 1582 conventu
1482 1524 1604 1582 fratrum
1622 1528 1793 1582 nostrorum
1816 1520 1915 1578 misse

205 1614 317 1672 Eodem
332 1628 413 1672 anno
428 1614 577 1674 discordia
590 1615 810 1675 internostrum
819 1614 1033 1674 monasterium
1086 1610 1264 1680 celebratur,
1271 1613 1540 1686 primodissolutus
1549 1610 1793 1685 luitthuamvis
1802 1615 1876 1668 tuno
1882 1609 1914 1665 in

206 1707 235 1761 et
261 1708 437 1760 conventum
460 1703 585 1764 fratrum
605 1705 751 1764 itinerum
779 1707 810 1763 in
823 1704 915 1778 opido
929 1707 1032 1761 nostro
1046 1711 1069 1769 Β
1086 1697 1151 1773 ipso
1165 1699 1285 1759 instanti
1299 1700 1387 1760 multi
1407 1701 1526 1760 honesti
1541 1702 1594 1758 viri
1620 1706 1690 1759 ante
1702 1700 1793 1758 altare
1814 1696 1913 1756 sancti

206 1791 1032 1868 commorantiumpererbitratcmcompositionemsiesc
1089 1788 1233 1847 menardi
1244 1790 1285 1849 ad
1311 1790 1500 1851 tractandum
1524 1789 1562 1848 de
1580 1789 1683 1850 arduis
1705 1789 1805 1847 causis
1819 1785 1914 1844 simul

205 1880 492 1955 pitaest,quodidsm
505 1888 672 1941 conventus
693 1899 749 1956 pro
761 1883 838 1949 loco,
853 1883 885 1940 in
899 1896 960 1955 quo
974 1895 1033 1938 ma·
1086 1877 1305 1946 convenissent,
1318 1894 1423 1937 omnes
1436 1878 1509 1937 illesi
1526 1882 1684 1937 eraserunt
1702 1877 1776 1947 ;scd
1786 1875 1844 1934 due
1857 1874 1915 1931 mi·

204 1973 424 2027 nentateorum
433 1970 560 2028 ecelesia
575 1970 916 2030 sitaestsolvet⁸⁸⁸nobis
929 1984 1033 2043 perpe·
1085 1965 1249 2024 neresnole
1263 1968 1429 2041 peroptime
1458 1965 1663 2024 consonancie
1676 1982 1746 2024 cum
1759 1978 1915 2038 campana

205 2056 1031 2131 tuoindiedepositionissanctiirudonisnnumaureum
1086 2058 1166 2112 sexte
1180 2054 1261 2129 lapse
1273 2060 1343 2113 sunt
1357 2054 1519 2124 confracte,
1530 2055 1589 2113 due
1603 2070 1675 2113 vero
1683 2054 1823 2127 majores,
1835 2051 1914 2110 scili·
1936 2048 1941 2055 ’

205 2145 713 2213 denarium,valentemlidenarios
723 2148 1031 2222 Levanienses,etquo
1085 2146 1131 2199 oet
1149 2142 1268 2200 Aurelia
1282 2148 1310 2199 et
1319 2143 1469 2211 Kateriua,
1482 2144 1551 2202 licet
1565 2148 1698 2210 ruerunt,
1718 2141 1833 2214 integre
1845 2155 1915 2213 per·

204 2232 467 2292 habeantliheram
481 2233 678 2309 sepulturam,
688 2233 1031 2311 salchureparoehialis
1084 2236 1269 2289 manserunt.
1279 2232 1495 2301 Quintinavero
1507 2233 1537 2290 in
1548 2228 1914 2305 casusuperduastrabes

205 2320 338 2379 ecclesie.
353 2321 450 2381 lucid.
464 2323 1031 2384 annonomicitatewitleimusabbas
1084 2318 1191 2376 cecidit
1200 2320 1313 2395 absque
1325 2320 1543 2396 lesione,quam
1556 2336 1625 2378 eum
1632 2332 1870 2394 campenancne
1880 2324 1913 2375 et

204 2409 302 2468 attulit
313 2410 351 2467 de
364 2410 485 2470 colonia
504 2412 605 2487 plures
621 2414 771 2489 reliquias,
786 2420 851 2473 tum
865 2414 903 2472 de
918 2411 1028 2473 sanctis
1083 2406 1689 2484 banchicsmpsnadeposueruntetdues
1697 2407 1771 2465 &15⁸⁸
1780 2421 1839 2481 (1¹¹0
1846 2420 1914 2462 ⁰⁰¹¹

205 2497 347 2556 undecim
363 2498 485 2557 milibus
496 2500 763 2577 virginibusquam
777 2506 950 2560 sanctorum
959 2501 1033 2559 The·
1084 2496 1256 2554 occiderant
1268 2497 1389 2556 officiati
1401 2499 1506 2565 nostri,
1519 2502 1552 2556 ut
1571 2498 1615 2556 eit
1636 2502 1798 2563 uteremur,
1812 2494 1913 2554 luciu’

203 2584 332 2643 beorum
355 2591 384 2644 et
398 2586 549 2646 Gereonis.
1085 2584 1387 2659 suspenderunt.Pest
1399 2587 1491 2659 hujus
1503 2588 1590 2645 turris
1602 2586 1722 2644 ruinam
1737 2582 1912 2659 quindecim

240 2673 735 2737 transnominationem
764 2684 835 2737 sunt
855 2677 937 2737 hona
964 2692 1031 2735 ιιιο-
1084 2671 1913 2749 gradus,quisolebantintracampauasantematutinas

203 2761 326 2820 nastcrii
339 2762 431 2839 hujus
456 2780 547 2838 snper
568 2765 718 2824 llesellam
747 2767 804 2827 sita
830 2767 887 2825 suh
906 2764 1031 2841 dyocesi
1083 2760 1153 2835 legi,
1168 2763 1354 2835 ceperuntin
1382 2762 1475 2821 choro
1494 2763 1563 2821 dici.
1578 2763 1664 2821 item.
1689 2763 1775 2819 Anno
1791 2759 1911 2818 Domini

203 2852 385 2920 Treverensi,
400 2869 461 2926 que
478 2853 608 2912 condam
627 2855 775 2913 adelbero
794 2855 954 2927 secundus,
973 2858 1030 2914 ble-
1085 2850 1154 2908 1269
1162 2850 1367 2909 molendinum
1374 2855 1508 2910 nochum
1515 2851 1597 2926 apud
1606 2852 1767 2909 lleetseren
1782 2846 1913 2906 hausta·

203 2937 298 2997 tensis
312 2939 679 3015 episccopusethujusloci
689 2942 894 3013 abbas,nobis
905 2944 1031 3001 contulit
1084 2942 1148 2996 tum
1157 2944 1203 2997 est
1217 2938 1256 2997 ad
1265 2941 1478 2998 monasterium
1490 2955 1627 2998 sororum
1636 2945 1804 3003 nocherum
1820 2936 1852 2993 in
1862 2936 1913 2995 li·

203 3030 267 3096 Qua
281 3027 1029 3105 tituloemptionisreligiosiviriabbasetconventus
1048 3055 1069 3113 c
1085 3027 1133 3087 len
1148 3029 1264 3087 ratione
1279 3029 1525 3088 commutationis
1543 3028 1670 3103 proeliis
1682 3026 1908 3086 hereditatibus.

203 3114 242 3174 de
255 3118 473 3175 hemmenrode
482 3118 685 3192 acquisierunt
702 3135 759 3193 pro
773 3122 844 3180 lito
854 3121 964 3178 mareis
977 3121 1031 3179 ho
1120 3119 1165 3179 li.
1183 3121 1323 3194 Tempore
1332 3120 1424 3192 hnjns
1438 3119 1542 3179 domni
1556 3120 1778 3186 Willelmi,onm
1787 3117 1912 3175 wanti-

203 3219 313 3262 nerum
328 3209 357 3261 et
367 3204 512 3277 legalium
527 3206 748 3279 sterlingorum,
770 3213 803 3266 tt
818 3209 1029 3280 sterlingorum
1083 3224 1144 3283 quo
1151 3212 1285 3283 tempore
1293 3209 1507 3282 adprobandus
1519 3209 1785 3283 sancteharieque
1792 3206 1912 3264 devotis

203 3290 307 3349 solidis
316 3308 371 3366 pro
380 3293 514 3367 qualibet
524 3295 647 3353 marcha
659 3295 901 3370 computatis.cui
911 3313 1029 3355 summe
1083 3299 1267 3375 pauperibus
1280 3299 1446 3374 beginabus
1459 3305 1488 3356 et
1503 3300 1608 3374 paucis
1626 3298 1810 3374 quibusdam
1836 3298 1911 3356 viris

203 3380 303 3438 addite
318 3380 440 3438 luerunt
454 3386 488 3441 60
503 3386 604 3442 carate
617 3384 677 3442 vini
689 3383 727 3444 de
748 3384 867 3444 llosella
878 3385 957 3445 inira
968 3390 1029 3444 tres
1083 3387 1481 3462 conferuntur,persingulas
1490 3388 1616 3460 singulis
1643 3385 1910 3462 septimanisunus

202 3484 299 3527 annos
318 3469 514 3528 succedentes
534 3473 716 3532 monasterio
734 3473 936 3534 deliberande.
965 3476 1028 3542 oue
1082 3475 1224 3535 denarius
1239 3475 1409 3534 Leodiensis
1421 3476 1461 3534 ad
1475 3473 1910 3549 dnosalbospsnesdistribue·

203 3557 330 3632 pecunie
344 3574 459 3617 summa
473 3574 616 3618 conversa
628 3565 672 3619 est
681 3561 873 3621 inutilitatem
881 3567 1029 3621 monaste·
1081 3569 1195 3631 rentur,
1209 3565 1272 3638 ipse
1280 3563 1361 3622 idem
1373 3563 1472 3623 abbas
1481 3580 1537 3640 pro
1550 3564 1601 3622 illo
1622 3580 1682 3621 uno
1696 3562 1820 3621 denario
1835 3561 1909 3620 Leo

202 3646 247 3713 rii,
259 3651 386 3720 tampro
400 3647 551 3706 solvendis
561 3649 704 3722 maribus
721 3650 829 3709 debitis
851 3650 891 3710 ad
918 3668 1027 3710 usuras
1081 3651 1908 3727 diensieonstituitetdeditduosiovanienses.liumerus

201 3736 361 3795 connectis
373 3753 427 3811 per
439 3738 759 3812 suospredecessores,
774 3757 868 3814 quam
883 3742 1026 3815 proredi·
1080 3741 1187 3799 harum
1206 3739 1429 3815 prebendarum
1448 3747 1494 3799 est
1519 3745 1566 3806 20,
1594 3746 1624 3799 et
1649 3740 1742 3798 habet
1773 3738 1909 3814 quelibet

201 3824 319 3882 mendis
334 3829 363 3882 et
388 3826 525 3884 emendis
543 3826 633 3884 bonis
645 3828 830 3887 hereditariis
842 3830 1026 3890 monasterio
1080 3829 1188 3888 herum
1202 3828 1425 3903 prebendarum
1441 3828 1520 3887 duos
1532 3844 1630 3903 panes
1642 3828 1728 3886 nbcs
1747 3828 1785 3885 de
1796 3827 1907 3886 eadem

200 3911 257 3987 ipsi
272 3913 350 3970 bene
370 3915 500 3971 situatis.
517 3915 599 3973 item.
620 3917 761 3990 Tempore
790 3917 881 3990 hujus
906 3918 1025 3977 abbatis
1079 3918 1165 3976 tritici
1180 3917 1343 3975 materiaet
1357 3916 1500 3989 pondere,
1512 3915 1620 3991 quales
1640 3921 1710 3974 sunt
1729 3931 1824 3990 panes
1840 3931 1908 3989 pre·

199 4014 303 4057 onmes
312 3999 460 4058 arnoldus
474 4001 510 4059 de
525 4003 798 4077 nosochomium
809 4005 861 4078 jus
876 4005 982 4064 hahuit
992 4007 1023 4064 iu
1078 4005 1178 4065 bende
1192 4004 1397 4074 dominorum,
1417 4021 1476 4080 que
1500 4005 1628 4078 singulis
1642 4004 1777 4063 sabbatis
1798 4003 1907 4062 diebus

198 4086 271 4147 villa
283 4091 388 4146 nostra
400 4089 560 4159 horiones
574 4090 708 4150 redditus
722 4093 841 4168 aliquos
856 4095 1023 4153 seeundum
1079 4094 1201 4169 prelatis
1212 4095 1397 4169 pauperibus
1406 4094 1748 4168 ministrantur.lnsuper
1757 4094 1796 4152 sd
1807 4091 1907 4167 prela-

198 4175 583 4236 reiationemveridicorum
596 4180 634 4217 ⁸⁸⁸
660 4184 879 4254 veteranorum,
905 4183 964 4241 nisi
978 4199 1025 4241 so·
1080 4181 1906 4257 tasprebendasdatursiugulisseptimanisdimidiapars

198 4265 521 4325 lummodnadmolam
531 4267 666 4326 Sandieis
679 4269 802 4340 ibidem,
814 4287 873 4345 que
888 4271 1025 4331 solvebat
1078 4275 1184 4345 quarte
1194 4269 1288 4342 partis
1301 4270 1390 4326 nnius
1400 4269 1527 4327 vasisde
1536 4286 1611 4344 pura
1620 4269 1903 4344 etpurgataiarina,

200 4353 299 4413 eidem
315 4359 442 4413 veterem
454 4357 559 4416 mitam
571 4357 645 4432 (705)
658 4358 877 4428 eumdimidia3
891 4360 1025 4420 similiter
1039 4395 1063 4450 D
1078 4373 1138 4433 que
1156 4357 1302 4430 equaliter
1312 4357 1454 4415 dividitur
1461 4357 1689 4416 interhabentes
1696 4356 1826 4432 prelatas
1833 4373 1904 4430 pre-

201 4441 232 4501 in
250 4444 613 4503 ceterisvillismonasterii
626 4446 718 4518 hujus
733 4447 1024 4519 Eugelmanshoven,
1078 4444 1419 4519 baudas3pretcreaalia
1434 4446 1580 4505 medietas
1587 4453 1694 4521 quarte
1705 4446 1798 4521 partis
1807 4445 1903 4503 farine

201 4530 395 4601 ilam,iialen,
413 4531 624 4605 nicaenigne)
643 4549 713 4590 cum
727 4534 830 4592 ceteris
844 4533 937 4592 nichil
948 4534 1025 4609 juris
1078 4533 1162 4591 omni
1177 4531 1302 4590 sabbato
1311 4532 1499 4592 distribuitur
1507 4533 1690 4609 pauperibus
1700 4538 1769 4593 aute
1783 4539 1904 4606 portam

200 4611 308 4703 habuit
316 4623 413 4689 preter
425 4617 623 4687 advocatiam,
629 4636 689 4694 que
696 4621 759 4677 suis
765 4623 1026 4695 predecessoribus
1078 4620 1260 4679 monasterii.
1275 4621 1347 4678 Item
1359 4622 1437 4680 ultra
1445 4622 1542 4679 hasac
1552 4622 1723 4697 prehendas
1735 4621 1815 4679 idem
1828 4621 1904 4680 Wil-

202 4702 376 4761 eollataluit
387 4705 770 4781 prodelendeudisJuribns
781 4710 1025 4769 monasteriised
1077 4709 1185 4767 lelmm
1199 4707 1297 4768 abhas
1310 4724 1365 4767 suo
1384 4714 1518 4783 tempore
1544 4711 1698 4769 coustituit
1711 4708 1899 4768 consimilem

202 4806 304 4851 eomes
318 4792 373 4850 iste
382 4794 503 4869 proprie
517 4794 622 4852 suctu
634 4796 806 4862 immemor,
820 4796 962 4856 violenter
977 4799 1024 4871 ju·
1079 4797 1265 4872 prebendam
1276 4797 1307 4856 in
1316 4796 1431 4856 honore
1445 4803 1619 4857 sauctorum
1636 4800 1781 4858 trudonis
1800 4805 1829 4857 et
1841 4800 1901 4857 Eu·

881 4944 1007 5005 venun
1020 4945 1219 5007 cernercs.

232 5089 271 5131 ω
284 5091 685 5167 macilentissimum
699 5094 734 5153 r.
1110 5065 1111 5068 ‘

1010 5218 1096 5280 urs.

234 5335 310 5410 (tot)
331 5337 459 5396 Octavus
469 5337 551 5397 tllins
568 5340 713 5400 iohannis
725 5340 844 5401 comitis
860 5342 1022 5402 maenus.
1127 5346 1179 5402 705
1209 5344 1324 5401 uocata
1341 5357 1419 5401 terea
1432 5342 1634 5404 Flandrensis.

199 5406 316 5491 Partem
341 5407 508 5468 advocatia
522 5412 668 5470 arnoldus
683 5412 856 5472 vendiderat
870 5413 1022 5476 wthelmo
1065 5465 1070 5474 .
1107 5418 1176 5500 ¹'tot
1199 5412 1353 5540 †inchcut
1369 5429 1464 5489 prope
1490 5415 1580 5499 biert.

200 5478 303 5538 abbati
317 5480 493 5552 annoihta,
511 5489 543 5540 ut
557 5485 687 5557 probant
700 5482 810 5542 tabulas
824 5485 1023 5558 spndflante·
1064 5507 1071 5514 ·
1123 5485 1176 5542 ‘tot
1221 5488 1333 5555 ta,non
1347 5500 1417 5543 cum
1444 5486 1548 5545 codiee
1574 5501 1625 5543 vur
1655 5485 1694 5543 ld.
1721 5485 1807 5545 lati
1862 5504 1898 5547 n·

199 5549 319 5627 liump.
341 5553 405 5622 att,
1079 5554 1154 5614 dnm
1167 5558 1304 5626 cstnam
1313 5555 1826 5636 &mmanuelis
1882 5564 1899 5621 ³
