3884 6050
160 119 237 215 teu
430 156 432 163 s
654 204 659 214 ,
870 124 979 193 rarsi
997 125 1147 197 nicom
1240 70 1245 77 ’
1783 120 1864 208 rut

156 261 195 322 de
207 277 239 321 se
251 252 428 320 miraculum
439 259 577 336 praebuit,
590 267 623 320 ut
636 259 677 321 ab
690 259 833 321 omnibus
848 261 922 321 alter
935 263 983 321 Di·
996 266 1020 329 t
1035 268 1123 338 ptura
1138 261 1348 337 peritissimus,
1361 259 1429 319 lecit
1447 275 1550 318 versus
1564 257 1596 317 in
1605 258 1731 317 >leudem
1750 264 1864 317 mnatre

156 353 269 428 dymus
279 350 453 425 appelletur.
464 352 514 409 llic
522 356 681 426 postquam
690 352 983 425 scripsitaltercatio-
1037 352 1088 409 ltci
1108 350 1258 426 genitricis
1273 355 1302 409 et
1324 348 1447 422 virginis
1460 348 1569 413 llariam
1587 352 1616 407 et
1629 347 1688 406 alia
1701 346 1864 422 quamplu·

156 458 228 500 nem
239 443 445 499 Romanorum
465 445 494 499 et
515 443 778 515 Graecorumque
797 440 876 500 iacta
894 441 983 499 estin
1037 442 1124 507 rima.
1138 456 1207 516 qua
1219 440 1257 498 ad
1272 443 1392 498 nostros
1405 438 1528 496 obtutus
1541 437 1676 495 nondum
1691 451 1809 496 venere.

157 530 276 589 civitate
287 528 615 603 constantinopolitana
636 527 694 585 sub
716 528 849 587 Oderisio
864 529 982 599 abbate,
1328 528 1441 587 CAPUT
1453 527 1568 585 xxxta.

158 618 318 679 casinense
330 619 504 676 coenobium
513 618 587 676 adiit
594 616 782 692 temporibus
792 617 946 676 Paschatis
958 619 984 677 ll
1374 634 1408 675 aa
1422 632 1521 675 rarae.

158 724 256 783 papae,
270 714 300 767 et
311 707 404 766 alexii
415 706 622 781 imperatoris;
639 723 730 781 super
752 705 873 775 lsaiam,
896 722 985 781 super
1072 707 1240 783 (tollamus
1250 707 1393 765 diaconus
1404 705 1554 764 institutor
1567 719 1663 772 meus,
1676 703 1867 763 declamator

152 784 326 864 teramum,
342 801 371 855 ct
383 812 473 868 super
485 795 619 869 reliquos
635 795 985 870 prophetasnuperrsat·
1038 797 1188 869 insignire
1202 795 1321 855 civitate
1333 793 1624 868 theanensidcqua
1633 793 1780 851 oriundus
1791 797 1867 862 erat,

151 885 277 956 terium,
294 901 384 960 super
408 884 591 953 liatthaeum,
622 900 714 958 super
735 884 877 950 llarcum,
895 899 985 959 supet·
1038 886 1204 960 egrediens,
1217 885 1358 944 casinum
1365 883 1492 950 advenit,
1504 881 1745 957 abqueOderisio
1752 881 1868 940 abbate

157 974 282 1040 Lucam,
297 989 388 1047 super
398 974 557 1041 loannem,
568 989 655 1047 super
667 973 814 1046 Epistolas
826 974 917 1045 Pauli,
936 991 985 1032 su·
1039 974 1205 1033 nonachus
1221 973 1319 1033 lactus
1333 977 1390 1031 est.
1413 971 1535 1045 Scripsit
1550 975 1694 1045 praeterea
1711 971 1742 1027 in
1756 970 1867 1028 eodem

159 1079 210 1137 par
224 1062 622 1137 apocalypsimttonsolum
633 1067 733 1120 autern
742 1063 984 1134 grammaticam,
1038 1062 1179 1121 coenclno
1193 1062 1318 1137 positus,
1334 1076 1507 1120 sermonem
1521 1059 1559 1117 de
1575 1058 1816 1132 septuagesima,
1829 1059 1868 1117 de

158 1151 444 1225 verumetreliquas
466 1155 545 1209 artes
559 1151 665 1209 auditu
686 1151 986 1223 tantumplenissime
1038 1150 1231 1211 Dedicatione
1245 1149 1390 1218 Ecclesia,
1417 1150 1456 1207 de
1478 1148 1634 1207 Nahritate
1664 1147 1780 1205 Domini
1801 1163 1809 1205 ι
1829 1146 1870 1204 ds

152 1242 251 1310 ,corde
261 1245 347 1299 mnus
356 1239 469 1297 didicit.
478 1239 602 1314 Scripsit
614 1240 703 1298 etiam
719 1240 815 1298 Vitam
831 1241 858 1298 S.
869 1241 987 1298 Ebizao-
1040 1241 1219 1315 Epiphania,
1234 1238 1350 1299 stallos
1364 1237 1622 1314 quamplurimos.

160 1331 208 1389 nis
222 1330 363 1387 monachi
378 1329 563 1396 casinensis,
578 1331 630 1403 qui
642 1328 784 1386 llilsrioni
799 1329 904 1388 similis
919 1329 985 1388 luit.
1362 1329 1477 1387 CAPUT
1494 1329 1547 1384 aa.

160 1422 282 1478 Exstant
292 1424 322 1477 at
333 1417 393 1476 alie
402 1417 624 1492 ejuslibrorum
638 1417 801 1486 volumina,
814 1434 883 1492 quae
893 1419 924 1476 in
933 1434 987 1477 no·
1324 1434 1358 1475 na
1377 1431 1582 1474 amnmumno.

161 1513 238 1569 stras
251 1523 362 1566 manue
375 1506 514 1565 nondum
528 1510 683 1565 venerunt.
699 1507 779 1566 Obiit
789 1511 892 1566 autem
903 1507 987 1583 apud
1076 1508 1134 1584 (lo)
1149 1506 1381 1581 Laudenulphus
1395 1504 1539 1580 parvulus
1552 1505 1581 1561 in
1593 1505 1701 1563 Casino
1714 1504 1774 1563 snb
1786 1504 1871 1562 Desi-

160 1596 345 1657 'liburtinam
362 1595 525 1653 civitatem.
1002 1623 1025 1684 B
1042 1596 1241 1657 derioabbate
1250 1596 1340 1654 beato
1353 1593 1510 1653 Benedicta
1523 1592 1651 1660 oblatus.
1667 1609 1703 1652 ac
1714 1594 1744 1651 in
1758 1592 1871 1651 divinis

446 1684 561 1745 CAPUT
572 1685 704 1744 xxxva.
1041 1687 1199 1763 scripturis
1210 1685 1383 1760 plenissime
1395 1684 1508 1752 doetus,
1530 1690 1559 1741 et
1572 1684 1603 1740 in
1613 1699 1718 1742 earum
1729 1682 1870 1741 sensibus

476 1792 512 1832 aa
523 1790 675 1833 sensenna.
1043 1775 1242 1835 subtilissima
1260 1774 1469 1832 exercitationc
1476 1772 1608 1846 limatus,
1622 1772 1661 1831 de
1674 1773 1872 1831 renovatione

198 1868 256 1941 (ti)
270 1864 438 1924 Bernardus
453 1864 622 1939 casinensis
637 1864 805 1923 monachus
816 1864 991 1924 liberalibus
1044 1864 1218 1925 casinensis
1231 1863 1373 1930 caenobii,
1397 1877 1450 1920 seu
1470 1860 1644 1933 archisterii,
1668 1877 1704 1919 ac
1722 1860 1874 1933 regimine

160 1956 267 2013 studiis
281 1954 395 2028 optime
405 1953 540 2012 eruditus
553 1952 710 2026 descripsit
722 1954 904 2012 miraculos.
918 1969 991 2012 cou-
1045 1953 1187 2012 Desiderii
1202 1968 1304 2010 versus
1318 1951 1461 2010 miriilccs
1475 1950 1554 2018 lecit,
1569 1966 1647 2025 quos
1658 1950 1738 2009 idem
1752 1949 1874 2007 Deside-

163 2041 284 2101 lessoris
297 2041 406 2099 Christi
416 2040 513 2098 Amici
526 2042 699 2099 casinensis
714 2042 854 2099 monachi
865 2059 873 2111 ;
885 2042 951 2100 iecit
961 2046 992 2101 at
1044 2042 1107 2101 rius
1118 2040 1213 2099 abbas
1226 2041 1258 2099 in
1273 2039 1396 2098 circuitu
1409 2038 1532 2115 capituli
1554 2045 1582 2096 et
1604 2037 1725 2096 clamtri
1741 2037 1875 2095 describi

164 2130 225 2188 alia
245 2130 342 2188 multa
362 2144 431 2203 quac
452 2143 608 2186 recensere
625 2129 812 2202 superfluum
836 2130 989 2189 duximus.
1044 2129 1196 2207 praecepit.

160 2217 243 2285 ,Obiit
252 2222 352 2276 autem
367 2223 470 2276 nosho
485 2232 563 2291 pene
577 2215 634 2274 sub
649 2221 794 2291 tempore.
1362 2217 1473 2276 CAPUT
1489 2216 1555 2275 llLl.

446 2306 558 2364 CAPUT
575 2304 713 2365 xxxvlll.
1371 2321 1404 2363 ne
1417 2321 1546 2365 cornone.

499 2410 534 2451 aa
545 2408 657 2451 somna.
1080 2397 1140 2469 (lt)
1151 2396 1249 2455 Guido
1265 2394 1433 2453 &cinensis
1447 2394 1612 2469 presbyter,
1628 2394 1673 2452 vir
1692 2393 1879 2451 inhumana

201 2484 256 2558 (38)
270 2482 402 2542 loannes
421 2481 584 2549 Diaconos,
599 2481 701 2541 divina
723 2487 752 2542 et
772 2483 909 2544 bumana
922 2485 992 2544 scri·
1042 2484 1212 2549 erudiuone
1223 2483 1415 2552 clarissimus,
1430 2482 1574 2555 religione
1589 2488 1618 2541 st
1631 2483 1688 2540 rita
1701 2481 1878 2557 probatissi-

165 2669 237 2728 llist
254 2667 348 2726 Casia.
363 2667 412 2725 lib.
433 2669 474 2735 ui,
489 2684 552 2741 cap.
566 2669 614 2726 tr.
628 2668 699 2728 Vide
714 2671 863 2796 dagonem
881 2672 992 2729 flanar-
1045 2673 1140 2728 exstat
1162 2686 1217 2728 ms.
1242 2668 1291 2727 tali
1308 2669 1446 2727 lemmate
1462 2685 1469 2726 ι
1487 2669 1559 2737 Quia
1572 2668 1705 2726 nonnulli
1729 2669 1877 2726 ceritatem

166 2741 236 2798 dum
250 2740 279 2797 in
294 2739 479 2813 Martyrolog.
494 2740 598 2798 Bencd.
614 2742 651 2797 ad
666 2741 744 2798 diem
773 2742 992 2810 OOctobris,ac
1044 2741 1184 2798 amcino
1197 2741 1359 2798 obumbrare
1379 2747 1588 2798 memmerunt.
1610 2740 1780 2798 summatim
1803 2756 1877 2797 vero

165 2812 239 2869 libr
260 2810 374 2884 Dialog.
394 2810 517 2869 Victoris
538 2826 620 2883 papae
643 2811 691 2869 Ill.
719 2829 785 2885 pag.
813 2813 857 2870 20.
881 2814 992 2871 Caetera
1045 2813 1185 2886 descripta
1208 2817 1343 2869 anostra
1367 2812 1450 2869 Petro
1471 2811 1575 2884 legitur
1593 2811 1622 2868 in
1643 2811 1749 2870 chron.
1769 2811 1872 2869 casin.

106 2888 111 2897 ⁴
165 2882 313 2956 opuscula,
325 2888 458 2955 tempora
472 2882 565 2949 nohis,
579 2887 611 2939 ut
632 2883 785 2949 credimus,
808 2884 973 2941 inviderunt
980 2903 989 2957 ;
1045 2883 1095 2940 lib.
1116 2900 1153 2950 rs,
1176 2900 1239 2955 cap.
1264 2883 1310 2947 68,
1338 2884 1406 2939 edit.
1441 2886 1556 2939 Venetae
1577 2882 1622 2939 bis
1645 2883 1764 2939 serbis:
1789 2883 1877 2954 lujeu

164 2956 216 3013 sed
235 2953 304 3029 qaid
324 2958 398 3020 tum,
423 2970 489 3010 cum
510 2953 588 3010 hisce
607 2954 787 3039 temporibus
807 2955 1029 3050 invenianturc
1045 2964 1163 3028 tempore
1186 2954 1227 3028 (id
1249 2958 1294 3011 est
1312 2954 1426 3011 Girardi
1447 2953 1569 3017 abbatis,
1584 2953 1633 3027 qul
1654 2954 1728 3011 sedit
1747 2955 1784 3010 ab
1796 2969 1876 3010 anno

164 3026 230 3094 riri,
257 3026 306 3109 qui
332 3026 540 3099 procreandis
568 3025 772 3098 antiquitatum
801 3027 990 3099 protanamm
1046 3028 1126 3084 llll.
1143 3028 1284 3099 usquead
1300 3026 1597 3099 ltidtincampam'a
1608 3026 1877 3099 praeimiar'rsn‘om

165 3097 325 3171 quisquiliis
339 3113 397 3154 non
423 3096 517 3153 solum
545 3095 575 3152 in
597 3097 706 3154 viscera
724 3102 807 3155 terrae
827 3103 990 3171 penetrant,
1046 3098 1211 3154 miraculum
1231 3103 1257 3153 et
1279 3098 1341 3154 anti
1358 3099 1403 3153 uis
1436 3113 1488 3169 per
1518 3099 1615 3154 omnia
1633 3098 1724 3154 simile
1747 3097 1876 3168 conticit.

164 3168 367 3228 verumetiam
383 3167 492 3226 viscera
507 3184 595 3242 opum
623 3168 812 3239 profundunt,
839 3170 992 3227 thesauros
1046 3169 1174 3242 Namque
1187 3171 1218 3226 iu
1229 3174 1322 3226 eastra
1335 3116 1497 3226 iratorum
1511 3176 1613 3237 septem
1628 3169 1778 3233 Fratrum,
1793 3168 1879 3224 tue·

161 3255 233 3296 nero
243 3238 351 3295 inrisos
360 3255 508 3295 sacrorum
520 3243 787 3305 monumentorum,
803 3257 865 3312 que
877 3241 992 3297 animos
1046 3243 1120 3296 ricus
1133 3240 1244 3312 quidam
1254 3239 1356 3297 nobilis
1369 3255 1505 3312 puercum
1518 3240 1656 3296 decimum
1673 3245 1764 3311 speret
1779 3238 1879 3296 atatis

164 3310 262 3374 beant,
274 3309 315 3366 ita
326 3313 477 3378 nauseant,
503 3313 537 3365 ut
555 3307 639 3365 obolo
654 3309 747 3380 potius
762 3326 876 3393 parcere
891 3311 990 3384 velint,
1046 3327 1163 3375 anunm,
1187 3312 1276 3367 morbo
1300 3310 1493 3383 correptuead
1516 3318 1643 3368 extrema
1655 3311 1798 3381 perductus
1826 3317 1879 3366 eet.

166 3396 253 3453 quam
266 3379 519 3437 bascelittcrarias
530 3378 679 3451 exquirere
693 3380 817 3437 divitias.
1049 3382 1112 3450 Ouo
1126 3390 1249 3454 ternpore
1266 3383 1359 3438 dicbus
1378 3399 1486 3453 moem,
1504 3389 1531 3439 et
1561 3382 1673 3439 totidem
1686 3382 1812 3439 noctium
1828 3383 1880 3438 im·

201 3449 259 3523 (31)
274 3450 339 3507 Vita
352 3451 444 3507 sancti
457 3451 548 3506 Amici
564 3449 745 3518 confessoris,
768 3468 856 3523 quam
875 3454 993 3510 Bernar·
1047 3453 1163 3518 mobilis,
1179 3470 1210 3509 ac
1223 3453 1368 3510 rincsenru
1382 3453 1460 3525 quari
1474 3459 1604 3509 mortuns
1621 3455 1721 3522 'acum
1733 3454 1881 3508 uocauere

166 3521 353 3595 duescripsit,
368 3520 445 3578 inter
459 3526 557 3578 nostra
572 3538 721 3578 sacrorum
732 3527 923 3582 monumenta
936 3541 991 3580 ms.
1046 3524 1222 3581 intercaltoa
1245 3525 1320 3581 beata
1340 3526 1419 3582 Petro
1441 3523 1572 3596 apostolo,
1613 3524 1664 3580 aab
1715 3522 1879 3594 occupetis

166 3593 305 3650 hactenus
324 3591 434 3649 inedita
457 3597 596 3658 senatur,
622 3591 740 3676 incipit:
758 3596 864 3651 Beatus
882 3595 994 3652 Annus
1046 3613 1095 3669 per
1111 3597 1168 3651 loca
1182 3611 1331 3666 panarum
1344 3595 1478 3653 maumas
1491 3596 1527 3652 ad
1545 3594 1687 3666 internato
1723 3595 1879 3652 aratum

251 3664 451 3721 ombiliortns
464 3666 494 3720 in
507 3664 611 3733 finitus
622 3670 768 3722 mmetatus
778 3666 991 3732 Camerinuetc.
1047 3667 1166 3724 mauolt.
1192 3666 1306 3723 Domum
1328 3667 1365 3723 od
1386 3666 1513 3738 paradisi
1532 3682 1639 3722 amano
1665 3666 1786 3730 delatus,
1803 3665 1878 3721 uidit

206 3752 265 3802 cus,
279 3734 309 3792 in
323 3752 380 3807 quo
394 3739 491 3802 natus,
505 3736 639 3792 strabona
654 3736 797 3793 lnPiceno
816 3737 935 3809 (nomen
950 3741 994 3794 est
1047 3745 1206 3794 mortorum
1237 3738 1400 3805 mammaea,
1429 3746 1512 3810 atque
1538 3738 1570 3792 s'n
1591 3739 1693 3794 catum
1719 3736 1879 3793 emicantem

167 3807 299 3872 abbatie)
311 3807 387 3878 apud
402 3809 526 3864 ltontem
542 3806 694 3872 Melonem,
717 3813 907 3880 nuncupatur.
926 3809 994 3881 Eius
1048 3815 1212 3871 certumst
1227 3826 1244 3863 a
1257 3810 1333 3865 beato
1348 3809 1433 3866 Petro
1451 3807 1570 3880 apostolo
1580 3809 1754 3880 sufficienter
1766 3808 1878 3864 edoctus

167 3878 303 3936 meminit
314 3882 430 3934 sanctas
443 3878 542 3934 Petrus
564 3877 709 3942 llamiani,
732 3883 764 3934 ut
779 3880 880 3935 llaron.
904 3882 994 3936 adno·
1049 3881 1084 3937 ac
1104 3877 1426 3943 veterrimorumque
1437 3887 1609 3951 peccatorum
1621 3879 1716 3950 panis,
1730 3879 1878 3963 plerisque

168 3949 241 4006 terit
255 3950 292 4005 ad
306 3964 373 4004 ann.
393 3949 457 4016 993,
479 3949 527 4005 ubl
542 3949 675 4005 Amicum
696 3949 897 4007 canonizatum
919 3966 993 4018 esse,
1049 3960 1215 4021 sanctorum,
1229 3950 1297 4007 uidit
1309 3968 1410 4007 arcano
1431 3950 1565 4023 quadam,
1585 3966 1646 4021 qna
1659 3950 1738 4022 loqur
1751 3950 1876 4021 probabi·

169 4022 383 4091 absquetnmen
399 4019 523 4077 solemni
536 4020 590 4076 ritu
612 4020 753 4088 Ecclesia,
770 4021 876 4077 scribit.
894 4022 996 4095 Agitur
1050 4030 1096 4078 tus
1110 4027 1171 4079 est:
1192 4038 1286 4093 ncqne
1304 4039 1357 4094 per
1372 4021 1547 4093 reptuopinta
1569 4021 1640 4077 duae
1662 4021 1819 4092 prouincias
1843 4020 1877 4076 ab

168 4092 230 4149 dies
242 4090 331 4148 festus
346 4090 615 4157 diedNovembris‚
632 4090 787 4163 multisque
801 4092 894 4148 clarus
909 4094 997 4149 mira·
1050 4093 1139 4149 eadem
1162 4093 1282 4164 apostolo
1301 4093 1442 4157 deductum
1469 4094 1535 4150 ottae
1560 4092 1685 4148 reddum
1710 4097 1760 4149 est.
1785 4092 1878 4162 liujus

169 4161 240 4220 culis
255 4160 318 4220 init.
333 4162 480 4233 videque
494 4161 808 4219 observavitLauretus
824 4163 853 4219 ln
870 4164 946 4220 notis
958 4165 996 4220 ad
1049 4164 1179 4220 wionem
1188 4164 1239 4235 qui
1255 4167 1332 4232 cupit
1346 4180 1502 4237 ammovere,
1517 4181 1535 4218 a
1546 4163 1667 4219 datdeus
1683 4164 1771 4232 buius
1785 4179 1879 4220 moso·

169 4236 276 4291 Chron.
301 4232 410 4299 casin„
436 4232 464 4289 in
487 4232 565 4289 calce
590 4232 655 4290 libri
678 4232 766 4300 tertii,
795 4238 824 4290 et
850 4235 997 4291 arnoldus
1049 4236 1130 4292 sterit
1143 4236 1274 4291 monacha
1289 4234 1452 4307 descriptam
1475 4234 1557 4306 tepet.
1579 4234 1639 4291 Nor
1659 4251 1727 4300 sam,
1742 4235 1808 4307 quia
1825 4250 1879 4300 per

169 4306 266 4369 Wion,
282 4303 312 4360 in
327 4304 403 4361 notis
418 4305 454 4360 ad
469 4303 614 4376 llartyrol.
628 4304 734 4361 Bened.
750 4304 860 4364 Claruit
874 4307 996 4362 Bernar·
1013 4323 1099 4402 Dora
1112 4305 1235 4361 cranium
1249 4307 1380 4370 uertitur,
1393 4306 1435 4361 hic
1448 4304 1570 4363 scribere
1583 4305 1734 4361 omisimus.
1749 4306 1800 4362 Ea
1814 4305 1880 4361 irinc

171 4377 224 4433 dus
236 4391 316 4432 anno
329 4377 412 4433 bom.
424 4375 504 4432 tiso.
1051 4377 1199 4435 ottericus
1209 4377 1277 4447 ipre,
1292 4376 1501 4434 retictusaecuti
1508 4392 1572 4448 pom
1592 4378 1626 4441 ts.
1638 4377 1783 4434 casinense
1793 4392 1878 4433 cauo·

206 4447 264 4517 (38)
277 4446 409 4505 Diversus
419 4451 463 4503 est
474 4450 573 4504 noster
583 4445 709 4503 loannes
728 4446 765 4503 ab
783 4445 873 4504 altero
885 4447 997 4504 loanne
1051 4447 1123 4504 bium
1139 4448 1229 4518 petiit,
1242 4454 1323 4519 atquc
1336 4465 1357 4504 a
1373 4449 1456 4503 Patre
1470 4447 1554 4504 dirar
1607 4448 1766 4520 pratiser'mo
1779 4447 1881 4517 offecto

170 4517 200 4576 S.
213 4521 246 4575 ll.
262 4518 292 4573 E.
308 4517 441 4583 diacono,
457 4517 506 4588 qui
521 4534 539 4573 a
552 4517 581 4573 Si
603 4518 699 4575 eberto
712 4517 741 4573 in
754 4517 844 4574 Catal.
857 4533 921 4588 cap.
932 4518 996 4577 too.
1049 4525 1196 4590 surreptus,
1209 4523 1424 4590 acceptesancta
1433 4519 1643 4575 mneersotionis
1652 4519 1750 4575 tabita
1765 4518 1881 4575 Christo

169 4588 317 4671 laudatur,
332 4591 362 4643 at
374 4586 526 4671 anastasio
541 4589 570 4644 S.
584 4534 618 4644 ᾗ
636 4589 666 4644 tt.
682 4587 898 4645 bibliothecario
915 4587 998 4644 lami·
1051 4592 1113 4662 repe*
1124 4589 1257 4645 militiam
1277 4590 1424 4663 protessus.
1448 4590 1533 4671 lanta
1556 4606 1619 4645 nero
1643 4589 1799 4663 (hodieque)
1823 4588 1881 4644 abs·

171 4657 389 4730 laurasiart,qu1
414 4662 502 4714 eham
517 4658 569 4713 sub
593 4674 670 4715 anno
692 4660 746 4715 stt
766 4659 854 4716 libros
875 4663 999 4731 quatuor
1052 4661 1181 4718 tinentia.
1193 4667 1272 4717 tanta
1285 4662 1369 4733 pellet
1386 4667 1522 4733 praestate
1548 4677 1668 4726 morum,
1683 4664 1715 4716 ut
1738 4666 1764 4717 et
1787 4675 1882 4731 pecca·

171 4732 207 4789 de
219 4728 283 4786 Vita
308 4728 339 4787 S.
363 4728 492 4801 Gregorii
520 4728 613 4800 lingui
637 4745 720 4801 papae
744 4730 844 4792 edicit.
859 4733 998 4802 gestaque
1052 4736 1145 4788 torum
1160 4732 1306 4804 inspexisse
1320 4748 1424 4801 panos,
1439 4738 1637 4788 etscnctorum
1650 4731 1772 4803 pluriam
1783 4731 1882 4787 cidisse

172 4799 327 4860 Clementis
353 4817 434 4873 pape
468 4799 590 4871 scripsit,
619 4817 684 4872 quae
715 4818 769 4858 ms.
798 4801 942 4857 hahentur
968 4801 998 4858 in
1052 4819 1131 4859 nemo
1153 4809 1194 4859 est
1206 4804 1260 4874 qni
1270 4802 1386 4858 dubitet.
1411 4801 1487 4859 Nom
1512 4818 1551 4860 ea
1579 4802 1629 4859 illo
1649 4809 1766 4873 tempere
1788 4818 1810 4857 n
1867 4820 1881 4857 e

172 4872 265 4929 Casia.
278 4871 410 4929 Biblioth.
424 4870 637 4928 VideVossium
647 4872 682 4929 de
695 4871 761 4927 bist.
772 4873 833 4929 Lat.
844 4873 872 4927 in
888 4871 999 4928 loanne
1052 4888 1153 4931 earnes
1165 4874 1312 4946 aliquando
1325 4874 1459 4954 portauit,
1473 4890 1558 4945 aeque
1582 4875 1678 4934 einum
1692 4873 1771 4939 bibit,
1786 4890 1805 4926 n
1852 4875 1882 4915 '-

171 4943 308 5009 Diacono,
324 4944 457 5016 maleque
476 4945 629 5015 propterea
648 4943 778 4999 nonnulli
802 4943 939 5015 opuscula
953 4959 1000 5000 eo·
1052 4960 1216 5017 querempcr
1236 4944 1346 5002 incenit
1361 4944 1488 5015 pedibus,
1503 4952 1582 5016 atque
1611 4943 1642 5000 in
1657 4944 1707 5000 ltac
1726 4944 1881 5015 aftttctiooo

171 5030 238 5070 rum
252 5014 434 5072 confundunt
448 5014 523 5072 inter
550 5029 590 5084 se,
619 5015 689 5070 dum
714 5031 748 5072 er
778 5015 889 5071 duobus
907 5031 998 5071 unum
1052 5015 1186 5086 eorporis,
1210 5015 1286 5070 cordi
1318 5031 1353 5072 ue
1376 5016 1553 5080 contritione,
1575 5019 1602 5070 et
1626 5016 1786 5072 bumilitate
1807 5031 1880 5071 nunc

100 5153 104 5158 Δ
171 5084 293 5141 iaciunt.
1053 5087 1240 5159 usque(anno
1264 5087 1293 5140 lt
1316 5087 1344 5153 ti)
1365 5088 1398 5143 in
1413 5086 1555 5144 Catinensi
1576 5086 1623 5141 boe
1642 5085 1880 5157 monasmrioper-

209 5154 266 5227 (33)
276 5153 471 5212 Claruitcirca
484 5172 593 5212 annum
610 5155 724 5213 Domini
748 5155 818 5213 toto
831 5156 908 5213 Mus,
1052 5165 1156 5222 manet,
1172 5164 1201 5213 ut
1216 5157 1305 5213 irretita
1321 5157 1383 5225 etto,
1394 5173 1456 5228 qum
1467 5159 1539 5214 alins
1552 5156 1879 5224 lateantvetmetuenda,

173 5226 230 5299 (to)
248 5225 367 5282 virebat
379 5242 456 5283 anno
474 5227 550 5283 1060.
562 5230 634 5284 llun.
1053 5229 1098 5285 uel
1116 5228 1298 5284 desideranda
1320 5228 1435 5293 cidisse,
1461 5230 1575 5287 etiamsi
1589 5228 1687 5300 linqua
1698 5235 1796 5296 torem,
1822 5229 1880 5284 cita

209 5295 266 5369 (n)
277 5296 395 5352 Vivebat
409 5295 502 5353 Guido
516 5302 646 5370 tempore
667 5297 781 5355 Girardi
795 5298 907 5356 abbatis
922 5297 1000 5355 Casi-
1053 5299 1192 5371 loquatur.
1207 5301 1356 5372 Hucusque
1370 5300 1483 5356 Petrus.
1508 5297 1630 5356 Historia
1653 5298 1763 5355 llenrici
1782 5300 1879 5355 amalo

173 5367 271 5425 nensis
284 5383 362 5423 anno
376 5368 490 5423 Domini
503 5370 583 5438 till,
598 5367 673 5426 inter
684 5371 727 5428 ele
747 5370 913 5427 aptissimos
928 5371 999 5426 scri·
1074 5386 1110 5426 uo
1125 5369 1284 5426 infortunio
1300 5371 1429 5426 nondum
1445 5369 1539 5426 lucem
1556 5369 1667 5434 viderit,
1685 5370 1753 5426 dum
1777 5369 1807 5425 hi
1830 5370 1879 5442 qui

173 5443 410 5521 ptoressuantem
433 5443 523 5523 estate
539 5440 708 5523 praecipuus.
724 5387 799 5523 fficio
814 5440 946 5508 alberici,
963 5443 999 5499 de
1052 5388 1088 5498 aa
1110 5442 1195 5498 rebus
1213 5440 1324 5524 litenrici
1345 5442 1381 5500 tv
1400 5442 1468 5498 etv
1494 5440 1735 5515 conscripserunt,
1755 5441 1791 5496 de
1814 5440 1881 5500 Gui-

174 5526 371 5585 quasupram
486 5525 519 5568 co
541 5511 654 5568 diacon
679 5510 817 5570 cardinal.
839 5528 927 5587 penes
946 5528 999 5571 nos
1052 5514 1128 5572 done
1142 5512 1290 5584 silentium
1302 5512 1395 5572 altum
1409 5511 1581 5574 habuerunt.
