3884 6050
175 284 252 370 rtet
831 284 1224 361 immurm'tuuruets
1808 289 1899 354 esse

175 412 354 495 sardensi
357 417 537 506 tundam,
552 435 652 505 easque
665 423 847 490 mamintus
856 432 915 484 nn
928 427 1002 494 pt‘o·¹
1016 419 1042 485 Δ
1056 422 1193 496 respexit,
1208 423 1272 494 aad,
1287 421 1747 500 ‘cupienssubsertsraillnmaibi
1766 423 1899 483 labora·

171 521 256 596 prins
267 521 475 598 ordinationes,
503 515 594 593 quam
613 520 752 578 ananum
774 520 802 576 et
815 514 1002 576 scamnum
1058 513 1099 570 vit
1110 518 1141 572 ut
1154 514 1313 588 episcopos
1328 515 1738 589 etprincipasbonaobardia
1752 530 1899 571 eommo-

175 607 408 678 canseeraiidnes,
420 616 642 681 weormundus
654 610 729 666 dana
754 610 1002 666 sacramentorum
1057 607 1148 667 vorot,
1164 607 1274 661 etcum
1288 604 1360 677 ipsis
1373 605 1523 677 synodum
1549 603 1708 661 celebrarat
1720 603 1774 676 (2).
1792 604 1897 675 tiuJ’us

176 697 403 759 adedinionensi
426 698 640 771 mentepiseopo
654 710 805 769 susnpere,
834 694 860 752 si
885 690 1003 765 quidem
1058 693 1166 765 synodi
1180 698 1298 766 tempus
1312 694 1386 752 dum
1402 694 1666 766 appropinquaret,
1680 699 1708 749 st
1721 691 1896 750 multorum

177 782 1004 860 catholicuslueritetconsnnnionenmenalionamata
1056 781 1211 839 homiuum
1222 782 1367 839 tumultus
1375 782 1467 840 multa
1475 781 1896 855 turpiaadversusGrossula·

177 863 323 937 iicasedis
334 875 475 942 babuerit,
493 879 519 932 et
532 877 557 931 si
572 890 607 933 eu
618 875 754 947 pruinae
781 890 835 929 non
855 869 1003 944 pravitate
1057 885 1131 944 num
1149 870 1352 928 tumultuabat
1365 871 1417 944 (3).
1430 874 1465 927 Et
1482 870 1682 927 Grossulauus
1694 870 1735 927 ad
1745 886 1899 943 comme

176 965 329 1024 indulsere
341 955 435 1038 ‚⁸'ce'lins
448 969 547 1021 autem
558 964 682 1020 tiaerun
692 965 732 1020 ets
742 962 900 1018 arbitrium
907 959 944 1015 sit
955 970 1003 1012 sa·
1058 957 1188 1015 cendum
1203 957 1288 1016 illum
1301 959 1474 1025 tumultum,
1489 959 1576 1033 quasi
1584 958 1613 1014 iu
1622 959 1721 1032 prima
1731 959 1896 1030 vigiliam

176 1051 322 1113 aramenta
336 1052 433 1111 eodem
452 1053 596 1122 suscipere
618 1069 636 1107 o
656 1063 826 1123 quocunque
851 1045 1003 1106 voluerint
1057 1045 1748 1120 cujuslibetauthenticanoctistbitmatutinum
1764 1049 1897 1121 pulsare

178 1122 333 1200 cathedre
342 1133 486 1212 episeopo.
499 1135 688 1197 Decernimus
703 1153 773 1210 erpo
788 1142 821 1195 ut
843 1150 932 1207 neque
944 1134 1004 1190 lie·
1058 1133 1136 1200 lecit,
1152 1139 1312 1206 algentem
1326 1136 1533 1204 multam,tam
1548 1152 1600 1210 per
1610 1153 1640 1192 se
1654 1152 1746 1209 quam
1753 1152 1897 1209 persnas

177 1211 343 1288 diotanensi
355 1228 684 1308 archiepiscopumque
699 1223 1003 1294 olieni‘oinentinnti
1059 1223 1231 1281 sacerdotes
1242 1229 1271 1280 et
1280 1224 1438 1290 ministros,
1454 1225 1610 1282 momiano
1635 1225 1771 1283 matutini
1781 1224 1897 1281 habita

178 1313 375 1376 matenmdern
387 1313 573 1381 eoeksiamat
584 1314 823 1387 fratres'quiitiic
832 1315 890 1370 Deo
899 1311 1004 1368 seruie-
1059 1311 1260 1383 congregavit,
1278 1317 1368 1386 atque
1379 1313 1524 1371 matutino
1533 1313 1761 1380 cantat0,multn
1776 1313 1897 1386 populo

178 1403 248 1473 rint,
254 1404 381 1477 'quotibet
396 1403 549 1460 occasionis
559 1405 634 1474 juon
643 1399 868 1472 deprimerenat
878 1400 1006 1457 annaeo-
1059 1415 1162 1457 coram
1174 1400 1424 1473 ipsoconvocatn,
1436 1403 1474 1458 da
1491 1402 1630 1476 passione
1644 1402 1759 1469 Christi,
1778 1410 1810 1459 et
1824 1418 1896 1475 pru

177 1490 514 1551 cumdistrnitereetsuis
523 1485 1006 1562 usiduiapplionre,oeitanerariis
1060 1487 1154 1546 ditare
1163 1480 1658 1562 tudaprotixumssrmonemteott,
1675 1497 1701 1548 et
1716 1508 1780 1548 sum
1790 1507 1896 1548 causa

180 1578 383 1639 mationibus
390 1578 590 1651 fatiaareted
598 1578 701 1636 amnia
711 1578 815 1649 intrare
836 1591 1007 1634 corsseruen·
1060 1577 1159 1650 ipsum
1175 1594 1345 1637 sermonem
1361 1580 1518 1652 coaptavit,
1539 1585 1627 1652 atquo
1639 1580 1670 1636 iu
1692 1579 1752 1636 tine
1769 1580 1821 1635 sui
1836 1595 1897 1635 ser·

178 1666 362 1734 nesciaet
377 1666 698 1742 successoribusoestris
716 1666 888 1723 omnimodis
906 1665 1008 1738 prosse·
1062 1669 1360 1738 monissupcrsancta
1369 1669 1418 1725 Dei
1427 1669 1595 1740 Evangelia,
1612 1667 1897 1741 nulloiuterrogan

178 1760 257 1824 tura,
281 1757 368 1813 salua
390 1753 526 1827 'ejusdem
543 1743 774 1813 Mediolanenses
797 1753 1008 1824 aronieps'seopi
1023 1779 1047 1840 B
1062 1761 1099 1821 te,
1115 1753 1234 1827 publiea
1244 1755 1472 1829 juravitquuda
1485 1757 1545 1823 die,
1561 1772 1622 1829 qua
1636 1772 1776 1825 masas
1802 1763 1850 1812 est
1861 1755 1896 1812 ab

179 1841 330 1902 catholica
354 1843 528 1912 revermuia.
547 1842 602 1898 ‘ld
628 1841 774 1899 indicium
802 1847 897 1899 auten
916 1842 1008 1911 buius
1063 1846 1144 1899 uteru
1163 1843 1276 1910 matris,
1305 1845 1501 1917 pollutionem
1526 1861 1585 1903 non
1613 1845 1690 1911 lecit,
1710 1851 1740 1901 et
1766 1860 1895 1902 manem

175 1935 320 2006 percepta
334 1927 772 1990 libertatisa'itornanolicciesin
782 1931 1009 1989 lleds'oionensis
1062 1932 1895 2005 suamnonooinquinarit(tidrialdusveromonasterii

178 2024 296 2080 nancta
304 2033 431 2077 nunnus
440 2018 705 2092 seaquotuoronnis
713 2019 1009 2091 Laterunemipotatio
1061 2019 1158 2077 Sancti
1169 2020 1299 2093 Dionysii
1313 2021 1419 2089 abbas,
1433 2021 1645 2093 etGuanzoaui
1659 2023 1895 2093 cognominatur

177 2108 384 2182 pasotuertttn
397 2103 430 2164 Si
443 2123 500 2180 qua
515 2108 640 2179 inituris
655 2108 815 2165 crastinum
825 2107 1009 2166 ecclesiatica
1062 2108 1100 2165 da
1123 2110 1224 2174 orreo,
1247 2109 1278 2166 id
1292 2110 1392 2181 ipsum
1402 2110 1533 2182 jurando
1552 2110 1752 2176 firmaverunt,
1767 2115 1800 2166 et
1825 2126 1893 2166 mor

179 2196 357 2255 wcunrnrs
368 2211 500 2269 persono.
517 2196 603 2262 auius
631 2194 738 2254 decreti
749 2196 885 2268 papinum
903 2196 1007 2263 sciens,
1062 2196 1386 2270 Grossulanusadjecit,
1400 2199 1565 2257 diaenszsi
1579 2197 1891 2272 qaisvuttadsersum

178 2273 283 2366 santra
295 2289 359 2343 eam
374 2291 480 2342 temere
496 2284 595 2342 venire
610 2283 671 2342 tent
683 2285 787 2350 auara,
795 2287 946 2355 potestatis
958 2286 1009 2343 iso·
1062 2301 1111 2343 me
1125 2285 1224 2343 dicero
1238 2286 1363 2359 aliquid,
1379 2303 1460 2344 nunc
1483 2287 1560 2344 dicat
1572 2304 1579 2355 ;
1592 2287 1676 2361 quod
1695 2287 1721 2343 si
1746 2286 1846 2343 modo
1856 2294 1892 2342 ts·

178 2373 312 2445 nortem
325 2371 583 2444 dsanitatecar'ent,
598 2385 774 2445 reomaense
786 2372 885 2431 diuino
893 2373 1009 2445 judicio
1062 2373 1165 2440 cuerit,
1176 2373 1307 2447 amplius
1321 2375 1483 2432 adversum
1502 2392 1550 2432 me
1562 2375 1748 2432 audientiam
1761 2391 1829 2431 uon
1843 2375 1892 2431 ba·

177 2460 519 2532 mimidomensis
544 2460 700 2534 iniquitate
710 2465 874 2533 eoanoscat,
889 2468 1008 2533 nqueo
1061 2462 1150 2518 babit
1171 2462 1231 2517 linc
1242 2477 1311 2519 oum
1326 2462 1503 2535 presbytero
1522 2461 1670 2534 Liprando
1684 2462 1891 2518 renuntiatum

180 2548 546 2621 nnatndnooorporest
560 2550 702 2622 sanauine
715 2549 825 2606 carten·
838 2550 938 2607 Deion
952 2550 1007 2608 Do
1062 2551 1125 2618 tuit,
1141 2556 1168 2607 et
1181 2550 1242 2622 ipae
1257 2551 1357 2621 plures
1374 2552 1409 2624 (·)
1437 2550 1518 2608 cives
1544 2550 1580 2607 ad
1597 2549 1757 2608 ecclesiam
1790 2551 1892 2607 sancti

179 2627 467 2708 nantuadensium
491 2639 588 2695 nostri
595 2639 665 2697 iesu
689 2638 805 2697 Carini
823 2640 925 2697 aliena
940 2641 1005 2712 fiat,
1060 2637 1145 2696 Pauli
1159 2639 1316 2696 vocavitin
1330 2638 1389 2706 dio,
1402 2638 1514 2711 quibus
1524 2639 1609 2696 dixit:
1626 2661 1640 2688 s
1656 2638 1768 2695 Videtis
1776 2653 1832 2695 me
1844 2638 1891 2694 ab

177 2730 205 2783 et
221 2724 389 2784 inectrernc
404 2726 542 2785 anonim
559 2727 704 2786 datrtctu
725 2728 1006 2800 ultionisutp'aceaa
1061 2727 1188 2785 scissum
1197 2732 1307 2786 nasoet
1323 2728 1445 2786 auribus
1470 2743 1525 2801 pro
1538 2726 1792 2799 nomiueichristi,
1816 2727 1891 2784 unde

177 2807 396 2871 tlunettsaaten
409 2813 501 2872 eidem
516 2815 580 2872 ioca
590 2815 682 2886 lamia
694 2816 892 2874 sereientibus
901 2817 939 2872 sit
949 2831 1009 2889 pas
1060 2815 1134 2873 mihi
1144 2814 1413 2885 magnarstributio
1424 2820 1468 2872 est
1481 2816 1642 2887 promissa,
1663 2819 1691 2870 et
1702 2816 1732 2871 in
1747 2814 1812 2872 fine
1828 2831 1890 2888 per·

176 2891 296 2959 minii
304 2903 398 2960 nestri
410 2899 479 2961 lesu
499 2899 614 2971 diruti,
634 2901 770 2977 audenus
788 2904 876 2963 atteia
887 2906 1007 2976 fructus
1060 2919 1257 2975 aeveravero3
1273 2919 1329 2976 pro
1351 2919 1454 2961 amore
1478 2904 1579 2978 itaque
1598 2901 1889 2976 christianamque

178 2987 694 3064 mntnntsperetpiontatapod
702 2993 1006 3065 dinuetunjudicen
1060 2992 1165 3060 salute,
1182 2996 1210 3051 et
1224 3007 1309 3065 pace,
1318 3007 1392 3064 rago
1404 3008 1458 3050 voa
1473 2992 1551 3050 atad
1562 3008 1616 3061 ma,
1628 2995 1657 3050 et
1670 3006 1708 3049 aa
1721 3007 1788 3065 qua
1804 2991 1888 3049 nobie

176 3079 425 3151 mansuetem
435 3079 809 3152 cantuaniensem.
1060 3081 1175 3149 dixero,
1190 3079 1359 3137 intendatis.
1375 3101 1390 3134 t>
1407 3084 1439 3137 at
1457 3097 1528 3139 num
1559 3080 1624 3138 heo
1651 3085 1680 3138 et
1693 3080 1783 3154 plura
1803 3080 1888 3137 bene

211 3236 218 3247 ,
433 3242 436 3247 ⁴
505 3169 620 3228 CAPUT
639 3170 678 3227 tx
1023 3133 1147 3238 oelicta,
1161 3168 1777 3242 benequesonantiaadversustpraasertim
1792 3170 1888 3225 simo-

176 3246 722 3329 iterandusp'rsaiedtarossutonom
736 3258 926 3317 simoniacum
935 3275 1004 3328 esse,
1059 3257 1142 3315 niam
1156 3257 1286 3323 dixisset,
1305 3258 1471 3330 proposuit,
1485 3257 1588 3314 dicans
1605 3276 1612 3313 ε
1629 3280 1644 3309 «
1672 3254 1885 3321 Grossulanus‚

248 3350 276 3402 et
288 3344 319 3400 id
332 3359 363 3402 se
379 3345 519 3415 wionis
538 3345 686 3416 judiciuin
698 3346 897 3416 probaturum.
1059 3345 1178 3418 quipse
1192 3344 1415 3418 archispiscopo
1428 3350 1552 3412 tenetur,
1576 3350 1619 3402 ast
1635 3344 1823 3402 simoniacus
1852 3347 1885 3403 de

214 3429 417 3487 tiroaaulanu‘s
426 3435 527 3488 antam
541 3433 642 3505 atejus
654 3432 875 3491 turbaadhano
885 3439 1007 3505 aposta
1059 3431 1317 3505 archiepiscopatu
1330 3433 1540 3491 Mediolanensi
1555 3448 1608 3505 per
1619 3448 1730 3488 munus
1745 3449 1764 3489 a
1784 3449 1883 3497 manu,

179 3515 270 3574 licam
285 3516 483 3574 monitionem
501 3518 554 3593 (Ι),
569 3533 666 3590 neque
680 3519 721 3576 ad
734 3519 844 3577 multas
857 3522 1005 3581 nobilium
1059 3534 1233 3593 parmenus
1247 3520 1786 3594 atingunpsrmunusabobsequio
1801 3524 1852 3593 (7).
1873 3543 1882 3572 t

182 3601 315 3660 uberum
333 3594 437 3677 preces
462 3619 518 3678 pro
544 3605 715 3680 presbytero
746 3606 892 3681 biprando
921 3608 1005 3668 tusas
1060 3610 1172 3665 Etcum
1190 3609 1255 3666 hac
1270 3610 1301 3665 in
1321 3626 1377 3665 suo
1407 3610 1558 3682 proposito
1574 3612 1758 3682 procederet.
1787 3611 1885 3683 steps

191 3793 198 3809 ο
214 3725 279 3781 cis.
294 3723 429 3798 tlt-(t)
448 3724 592 3783 Recitatas
603 3738 707 3800 nempe
729 3724 841 3789 Urbani
857 3729 881 3786 li
904 3731 1004 3789 breves
1060 3748 1208 3815 peragere,
1216 3731 1332 3803 quahlc
1344 3732 1556 3789 describuntur:
1566 3747 1698 3803 quanam
1710 3748 1782 3805 ergo
1794 3740 1884 3789 essent

178 3792 300 3861 litterae.
441 3866 443 3871 Α
1059 3803 1114 3859 111ae
1126 3808 1234 3869 noctes,
1256 3805 1422 3861 salamana
1445 3805 1481 3859 ab
1507 3808 1623 3860 auctora
1638 3808 1737 3859 nostro
1754 3805 1884 3861 sumta?

213 3864 253 3939 (2)
272 3866 421 3950 synodum
428 3864 752 3950 bancllediolanansem
762 3868 900 3928 indictam
918 3873 1006 3930 luisse
1059 3874 1283 3933 existimaverim
1303 3890 1361 3930 non
1377 3874 1449 3930 alias
1463 3874 1550 3931 luisse
1564 3890 1653 3945 quam
1666 3879 1767 3930 noctm
1777 3882 1884 3932 sextam

177 3937 230 4019 sub
244 3936 333 3993 finem
347 3953 416 3993 annr
431 3934 512 4005 ttae,
528 3942 577 3993 ant
590 3939 705 3996 mitium
720 3941 875 4013 sequentis,
889 3946 1006 4001 credere
1059 3945 1210 4017 cujustibet
1224 3944 1477 4016 quadragesimalis
1492 3945 1681 4003 hebdomadae
1702 3945 1807 4002 leriam
1824 3964 1884 4018 prs·

175 4008 257 4078 pubet
287 4006 414 4063 calculus
440 4024 475 4063 ex
500 4009 585 4065 rebus
633 4011 742 4067 ronims
770 4015 923 4070 narrandis
958 4016 1005 4072 de
1059 4017 1202 4083 cedentes,
1218 4032 1281 4087 quae
1303 4032 1368 4072 cum
1393 4033 1428 4072 ex
1453 4015 1644 4071 ambrosiano
1670 4016 1728 4072 ritu
1755 4018 1884 4076 eruuuxi

178 4077 290 4133 ductus.
305 4077 422 4160 interim
438 4080 546 4135 adnata
565 4027 784 4165 nefftotaneusts
799 4084 1005 4158 archiepiscopi
1059 4087 1257 4158 Redemptnris
1269 4085 1444 4142 venerationi
1460 4086 1559 4142 dicatae
1575 4086 1631 4142 aiut
1644 4086 1721 4142 cultu
1748 4087 1824 4144 aden
1844 4105 1884 4160 pe

178 4162 324 4204 summam
337 4147 388 4204 ttlo
403 4164 464 4232 ayo
478 4154 680 4234 auctoretatem
691 4153 727 4207 ad
740 4168 821 4236 cnjus
835 4160 935 4212 nutum
946 4173 1004 4212 non
1059 4157 1170 4222 cutiarl,
1197 4162 1230 4213 ut
1253 4173 1287 4212 eo
1307 4157 1352 4213 die
1376 4157 1404 4213 ln
1420 4157 1610 4213 reverentiam
1628 4157 1762 4214 mariticii
1778 4158 1884 4215 maenti

177 4221 239 4273 tam
252 4218 438 4301 ‘suffraganei
464 4235 600 4293 episcopt,
628 4236 717 4295 quam
741 4224 883 4297 principes
895 4227 1004 4301 Lango-
1060 4228 1190 4300 aprime,
1204 4232 1359 4284 etsummo
1383 4229 1536 4285 Sacerdote
1556 4227 1670 4283 Christo
1688 4229 1815 4286 Domino
1830 4247 1885 4301 pes·

178 4288 286 4346 bmdiae
299 4290 560 4375 commoverentur.
1060 4298 1125 4362 acti,
1161 4299 1323 4355 sacerdotes
1361 4315 1378 4354 a
1409 4298 1484 4354 sacri
1513 4298 1706 4355 celebratione
1742 4301 1886 4357 abstinere

213 4359 255 4502 ‘³3
272 4361 303 4416 ld
317 4364 361 4417 eat
380 4361 561 4418 mussitabat.
1056 4370 1223 4444 J'ubeantur,
1249 4370 1414 4425 wenstan
1439 4369 1494 4425 dici
1521 4374 1638 4441 potuere
1664 4386 1722 4426 non
1748 4386 1834 4427 secus
1857 4389 1886 4426 ae

226 4433 243 4485 t
271 4431 416 4503 ludicatur
441 4432 488 4488 hic
521 4447 637 4489 summa
665 4433 803 4491 sedulitas
827 4437 1195 4514 Groesulani,1)extremae
1217 4438 1406 4496 hebdomade
1431 4441 1503 4503 dies,
1574 4457 1607 4495 ns
1631 4441 1696 4495 ideo
1717 4443 1885 4498 animam

178 4506 355 4626 ffrapraeior
374 4506 541 4559 consuetum
556 4519 667 4587 morem
684 4505 822 4562 recitandi
848 4509 1006 4566 matutinas
1060 4510 1114 4566 dici
1130 4510 1283 4573 credimus,
1302 4510 1379 4581 quod
1397 4516 1521 4566 cruentae
1560 4510 1682 4566 assionis
1699 4514 1818 4569 Domini
1834 4531 1886 4569 me

200 4586 266 4626 oras
294 4577 362 4629 ante
393 4588 540 4640 auroram,
562 4576 713 4631 maturiori
741 4581 868 4649 tempure
891 4582 1004 4635 easdem
1060 4581 1153 4636 moria
1168 4598 1201 4637 ac
1220 4581 1243 4635 si
1267 4582 1296 4635 iu
1322 4582 1384 4652 ipso
1405 4581 1558 4653 archetypo
1581 4598 1613 4636 ex
1636 4598 1715 4637 ressa
1731 4583 1885 4641 rideretur,

178 4639 245 4724 cani
259 4642 451 4714 precipiebat,
465 4644 534 4700 dato
548 4644 622 4700 sacri
634 4646 700 4728 ceris
715 4646 807 4720 siguo,
823 4651 1006 4706 utexcitatus
1059 4667 1175 4708 summa
1200 4650 1327 4707 fidelium
1351 4650 1488 4723 reiigione
1510 4654 1548 4707 ab
1567 4599 1691 4708 Ecclesia
1717 4655 1885 4721 recolatnr;

179 4715 307 4795 nostine
332 4712 373 4770 rei
396 4714 517 4797 papulus
542 4713 719 4798 frequentior
740 4720 882 4785 adesset;
913 4736 1006 4792 neque
1062 4723 1208 4793 Praecipue
1236 4738 1300 4777 cum
1333 4723 1494 4790 advertam,
1525 4723 1554 4778 in
1579 4723 1674 4779 iismet
1712 4725 1849 4782 noctibus
1873 4744 1886 4779 s

179 4783 500 4869 enimapudnsscciasrm
514 4789 660 4841 ministros
681 4802 745 4843 mos
770 4789 900 4856 invaluit,
923 4796 955 4846 ut
969 4793 1006 4847 nd
1060 4793 1233 4849 Grossulano
1246 4792 1376 4848 habitum
1391 4809 1553 4849 sermonem
1569 4794 1604 4849 de
1625 4794 1752 4865 passione
1769 4797 1885 4857 carun

179 4854 290 4923 militiae
304 4859 431 4982 naissum
443 4871 587 4921 normam,
601 4856 709 4928 primas
721 4863 772 4915 aut
785 4862 925 4917 secundas
956 4877 1008 4917 uu·
1060 4868 1091 4919 ut
1107 4863 1152 4918 bic
1166 4863 1351 4934 Laudulpbus
1376 4870 1528 4919 memorat.

183 4924 235 4980 otia
248 4925 274 4981 ri
295 4923 358 4983 'llas
391 4925 589 4998 intinguerent.
1096 4933 1136 5004 (u)
1155 4933 1226 4990 ilinc
1248 4949 1306 4989 nou
1329 4935 1448 4990 obscure
1472 4935 1623 4990 deducitur
1650 4933 1886 4994 criminationum

215 4995 254 5076 (ii)
293 5000 452 5054 astremam
467 4996 1007 5075 Quadragesimababdomadam,quae
1060 5004 1182 5061 materia
1197 5004 1520 5086 quasinGrossulanum
1543 5004 1798 5077 intorquebautur,
1826 5026 1886 5067 cum

179 5063 392 5152 Hasdrpasatm
408 5068 578 5140 appellatur,
603 5068 791 5125 authenticam
806 5071 862 5127 dici
888 5072 917 5128 in
939 5075 1006 5128 Am·
1061 5076 1196 5131 adsersus
1209 5075 1291 5130 illum
1312 5075 1407 5157 turpia
1421 5076 1548 5146 quaedam
1573 5078 1791 5133 obmurmurari
1813 5097 1832 5135 a
1846 5099 1888 5153 pn

181 5133 279 5199 brocia
300 5135 509 5219 {interamnam
531 5142 625 5196 ertum
640 5141 704 5195 est:
720 5141 757 5197 et
782 5141 1006 5199 debacbcbdn·
1060 5145 1127 5216 puto
1157 5145 1286 5217 superius
1314 5145 1385 5201 aisa
1408 5146 1603 5219 landulphus,
1632 5150 1887 5219 quamadmodum

180 5203 268 5285 meda
286 5214 406 5289 minima
429 5208 507 5281 lnqm
543 5209 723 5281 andnlphum
745 5214 886 5279 nocuum,
910 5230 944 5269 ex
964 5213 1006 5285 ip·
1059 5217 1161 5285 capb,
1178 5234 1255 5272 num.
1270 5218 1297 5280 ¹l,
1306 5217 1368 5287 jam
1383 5218 1493 5273 monui.

180 5288 240 5329 arua
254 5272 323 5331 lacu
347 5279 513 5362 narratione
534 5284 633 5362 patat;
656 5279 744 5337 rslsrt
770 5280 912 5408 siffiuidem
936 5300 1001 5355 cap.
1108 5288 1169 5354 ·)Α
1195 5288 1221 5369 t,
1249 5288 1424 5411 ssrinoipaien
1559 5356 1565 5369 α

180 5348 431 5498 deiffs'idffipitffsntaa,
443 5350 1007 5493 ggtcserbssffiaffitpernhsggganffl
1060 5355 1222 5481 simlgngsnn?
1238 5361 1889 5499 cuffitcraffiaeillrggiugeialgssnessufficentmugnus}

180 5499 211 5541 tu
233 5501 339 5559 majore
364 5487 484 5544 ecelesia
504 5491 652 5570 ,synodum
674 5492 761 5548 luisse
784 5495 902 5575 tandem
930 5511 1007 5552 cum·
1060 5496 1394 5558 eonsulezhinctantum
1409 5498 1511 5570 collige
1528 5501 1747 5572 quamantiqua
1767 5472 1807 5558 sit
1854 5524 1888 5562 aa

180 5556 296 5643 pultum
324 5558 458 5645 eumdmu
480 5559 654 5642 Ltprandum
679 5570 837 5635 ampertena
861 5565 929 5621 tara
952 5566 1007 5622 Do·
1060 5568 1159 5623 stricta
1184 5567 1319 5639 loquendi
1349 5569 1476 5626 turmula
1496 5571 1573 5642 apud
1597 5570 1787 5630 scholasticos
1807 5577 1888 5634 lami·

180 5630 297 5685 manaa
308 5624 367 5687 dtas
379 5627 412 5686 de
426 5629 520 5687 nonu
544 5628 707 5689 Palinurum
730 5634 767 5689 ad
781 5633 918 5691 ’udicium
931 5635 1008 5709 ignia
1060 5637 1149 5695 liaris

182 5698 551 5775 puandamdtuttoignur
562 5703 629 5759 ann
652 5701 749 5761 debuit
784 5705 951 5763 musianus
971 5723 1007 5766 ea
1125 5744 1127 5747 -
