3884 6050
24 296 104 360 issa
639 299 744 361 usura
765 297 811 359 na
830 276 933 361 lours
953 300 1118 375 sununs.
1653 293 1731 370 lile

21 445 111 503 pens,
127 446 177 488 ver
191 430 318 488 mollior.
335 429 412 487 Urbs
425 431 493 503 ipsa
502 429 625 487 condita
636 429 668 486 iu
683 427 851 502 campo,cui
868 431 892 491 Α
907 429 1013 499 ignari,
1042 431 1066 487 si
1078 431 1148 489 illuc
1161 433 1366 508 projiciantur,
1380 434 1518 492 revinctis
1531 438 1599 509 post
1613 440 1734 509 tergum

20 518 228 590 supereminet
239 535 327 576 mons
339 518 477 576 diffusior
490 524 517 575 et
530 519 629 575 nudus
643 516 828 589 gignentium
843 534 851 585 ;
906 520 1055 587 manibus,
1069 519 1133 578 siue
1145 523 1240 580 dubio
1260 529 1373 581 natant.
1390 525 1478 598 Aqua
1496 525 1561 598 ipsa
1585 527 1689 583 sterilis
1704 532 1733 586 et

20 622 140 678 regrum
155 608 234 664 enim
252 613 281 665 et
285 608 424 681 jejunum
435 607 574 675 solum,et
583 608 651 664 ideo
659 607 853 664 estdesertum
906 624 1021 679 amara,
1033 612 1208 685 coeterisque
1222 613 1309 686 aquis
1321 613 1479 670 obscurior
1481 655 1547 670 ......
1572 615 1732 688 proelereus

22 694 65 751 ab
80 696 195 753 incolis.
213 696 292 754 llica
307 695 498 769 Scythopolis
514 696 597 752 urbis
610 700 688 752 tsrra
702 710 797 767 usque
812 693 852 750 ad
906 695 1140 757 similitudinem.
1155 702 1359 774 vagarisuper
1368 702 1615 775 aquasbitumina
1622 710 1732 762 certum

19 781 176 854 regionem
188 782 426 849 sodomitanam,
438 789 466 840 et
484 783 615 841 hliultios
630 784 704 840 flues
724 781 852 839 diffusus
906 792 952 844 est
967 787 1163 862 utroliquore‚
1173 790 1732 865 quaescaphisappropinquantescolli·

20 871 153 928 habetur
157 911 557 932 ............
580 886 673 945 usque
688 872 726 929 ad
739 874 852 929 botros
906 881 989 950 gunt.
1006 878 1137 935 floreres
1155 878 1161 935 t
1176 879 1216 935 ibi
1237 879 1370 937 bitumen
1397 884 1426 935 et
1438 894 1628 953 nequaquem
1653 881 1731 941 terro

19 959 142 1017 Arabiae
157 960 254 1018 Petra
269 966 386 1018 centum
401 961 693 1019 terminosextentus.
707 959 851 1018 llbietiam
904 965 1028 1039 prasidi
1039 964 1140 1034 fertur,
1154 967 1299 1037 sauguine
1312 971 1428 1025 tuntum
1436 968 1595 1025 mulierum
1608 973 1635 1027 et
1650 986 1733 1028 men·

21 1065 109 1105 mons
117 1053 162 1105 est
172 1051 291 1106 Ferreus
300 1049 483 1108 nominatus.
500 1051 577 1107 luter
598 1051 654 1108 hos
669 1049 747 1106 duos
767 1063 853 1105 mou·
882 1040 886 1049 ’
905 1060 987 1111 strue
1001 1060 1029 1112 et
1045 1056 1130 1112 urina
1143 1056 1231 1123 cedit,
1245 1056 1323 1112 utilis
1333 1061 1432 1114 autem
1443 1057 1482 1113 ad
1495 1073 1732 1130 compagemua·

20 1141 67 1194 tes
80 1152 206 1209 campus
216 1154 346 1209 magnus
353 1138 443 1211 Junci,
458 1139 510 1212 qui
523 1138 630 1196 dicitur
642 1139 746 1200 Aulon,
764 1137 851 1208 cujus
905 1142 1000 1212 vium,
1021 1145 1066 1201 vel
1084 1145 1262 1216 corporibus
1283 1145 1442 1201 hominum
1455 1145 1616 1203 medendis.
1631 1149 1734 1207 Servat

18 1226 181 1297 longitudo
196 1231 316 1284 centum
328 1232 356 1284 et
371 1228 474 1297 viginti
485 1244 492 1285 ε
504 1230 661 1285 exordium
674 1243 693 1285 a
707 1227 852 1284 vicoGen·
905 1233 1006 1289 adhuc
1020 1233 1102 1304 regio
1117 1234 1247 1305 speciem
1260 1249 1357 1305 poena
1371 1252 1379 1302 ς
1391 1239 1555 1291 nascuntur
1578 1235 1620 1291 ihi
1641 1252 1732 1309 poma

18 1330 116 1383 nano,
140 1314 209 1371 tinis
237 1331 332 1389 usque
354 1316 494 1374 ulredum
508 1316 610 1374 lucum
624 1316 767 1376 ,iordanis
782 1330 851 1372 eum
905 1320 1190 1394 pulcherrimaque)
1202 1321 1309 1378 edendi
1321 1321 1509 1394 cupiditatem
1526 1324 1731 1394 spectantibus

17 1404 241 1460 enimmedium
255 1404 421 1470 intersecat,
435 1405 658 1462 viriditantibus
668 1403 852 1478 ripis,flumi-
906 1414 1051 1481 generant
1066 1427 1076 1476 ,·
1092 1409 1117 1465 si
1127 1425 1240 1483 carpas,
1255 1410 1411 1476 latescunt,
1419 1415 1447 1466 et
1458 1410 1730 1469 resoluunturinci·

18 1492 850 1567 uisalluvione,siquidemsupraripnmtlumiuislructns
905 1515 1018 1564 nerem,
1032 1497 1212 1571 fumumque
1222 1500 1351 1556 excitant
1371 1498 1457 1572 quusi
1475 1499 1575 1556 adhuc
1594 1500 1728 1559 ardeant.

19 1581 169 1637 arborum
181 1581 359 1648 uberiorem,
376 1580 671 1653 aliaslougeexili0r3
683 1582 849 1639 aridaeuim
906 1585 1018 1642 Saueiu
1026 1585 1133 1642 diebus
1147 1585 1242 1643 relatis
1256 1585 1392 1642 modicus
1407 1600 1461 1658 per
1468 1586 1565 1658 spatia
1573 1588 1672 1660 campi
1680 1604 1729 1645 ex-

18 1674 93 1724 sunt
104 1669 207 1726 omnia
217 1674 323 1741 praeter
333 1684 418 1726 oram
427 1668 778 1742 fluminis.¹lpsiusautem
787 1672 851 1728 Jor-
904 1678 1012 1729 astuat
1022 1689 1125 1745 vapor,
1139 1672 1255 1730 undeet
1264 1672 1449 1730 coalescente
1461 1672 1730 1731 vitiouimioesicci-

17 1757 273 1813 danisexordium
284 1758 315 1813 iu
322 1759 472 1830 provincia
481 1757 638 1815 Fenicisad
646 1759 758 1815 radices
767 1776 888 1851 mon-B
906 1760 975 1819 tatis
982 1768 1072 1834 atque
1081 1760 1198 1818 humidi
1206 1760 1426 1833 corruptioraer
1434 1759 1728 1820 miserandasiucolis

16 1845 59 1902 tis
71 1845 185 1911 Libani,
203 1844 251 1902 ubi
263 1845 398 1911 Panium,
408 1845 439 1902 id
451 1849 640 1904 estCaesarea
650 1846 780 1920 Philippi
795 1848 852 1906 sita
905 1849 1024 1907 conticit
1038 1848 1239 1919 aegritudines.

17 1938 66 1990 est
72 1976 501 1994 .............
525 1934 771 1993 inirachouitide
780 1953 850 1995 vero
940 1930 971 1993 lu
980 1936 1047 1994 loco
1059 1952 1142 2008 ergo,
1152 1937 1251 2010 inquo
1267 1936 1411 1993 Dominus
1424 1937 1726 2010 baptizatusest,orux

16 2021 177 2079 terraious
187 2028 232 2079 est
253 2021 517 2096 rotasqnalitatem
532 2024 714 2097 exprimens,
731 2026 852 2083 undeet
904 2026 1004 2100 lignea
1017 2030 1076 2082 stat
1088 2041 1182 2099 usque
1197 2026 1237 2082 sd
1251 2025 1362 2082 collum
1389 2025 1459 2093 alta,
1479 2041 1548 2099 quse
1569 2025 1725 2099 aliquoties

17 2108 93 2181 Syia
104 2111 346 2181 nomenaccepit,
357 2111 558 2182 quindecima
575 2112 709 2168 Caesarea
719 2112 850 2170 millibus
904 2131 985 2186 aqua
998 2113 1225 2171 transcendente
1239 2112 1442 2170 absconditur.
1465 2117 1489 2169 A
1511 2129 1573 2186 quo
1586 2114 1652 2171 loco
1663 2117 1727 2188 ripa

16 2196 376 2269 passunmdiscretus;ita
380 2198 490 2270 jugiter
497 2198 599 2271 plenus
607 2215 750 2272 aquarum
757 2202 850 2257 ubuu-
903 2202 1032 2270 ulterior,
1048 2202 1079 2259 id
1092 2205 1136 2258 est
1145 2200 1309 2270 orientalis,
1335 2202 1366 2258 in
1377 2201 1458 2273 jactu
1473 2200 1644 2270 lundeeest;
1660 2203 1729 2261 cite-

15 2285 714 2360 dantia,utnequesuperfluant,nequeunquam
722 2289 850 2345 munian-
902 2291 1043 2347 riorvero
1057 2289 1120 2362 ripa
1136 2288 1168 2346 in
1183 2289 1339 2361 supercilio
1354 2288 1518 2356 monticuli,
1536 2289 1727 2346 ubiconstru·

15 2379 78 2432 tnr.
91 2375 124 2431 ln
133 2374 214 2431 hunc
228 2374 384 2449 Philippus
398 2376 558 2432 tetrarches
568 2376 671 2448 paleas
680 2377 771 2434 misit.
800 2420 807 2435 .
835 2423 843 2437 .
902 2383 985 2438 ctum
997 2383 1041 2435 est
1055 2378 1268 2434 monasterium
1283 2377 1379 2434 Sancti
1393 2377 1527 2449 Baptistae
1540 2378 1672 2445 loannis,
1689 2379 1727 2437 de

21 2505 29 2520 .
62 2504 354 2522 .........
379 2463 459 2521 llude
474 2463 563 2538 liquet
576 2465 607 2521 in
626 2464 726 2523 Phiala
740 2465 848 2538 priuci—
900 2483 963 2542 qno
978 2483 1030 2540 per
1044 2471 1166 2540 pontem
1179 2466 1309 2523 arcubus
1322 2464 1477 2522 sutiultum
1496 2465 1591 2523 solent
1602 2465 1726 2525 descen·

14 2550 107 2625 pium
122 2566 186 2608 esse
198 2551 398 2618 lordonis,sed
409 2557 477 2625 post
487 2552 690 2610 subterraneos
702 2554 846 2611 meatnsiu
901 2556 971 2612 dere
986 2554 1025 2612 ad
1040 2553 1123 2612 illum
1135 2570 1265 2624 crucem,
1281 2559 1407 2611 etorare.
1418 2555 1726 2613 luertremalluminis

15 2639 114 2697 Panio
124 2639 250 2712 coepisse
266 2641 368 2705 fluere,
382 2642 434 2715 qui
445 2640 622 2699 moriscum
635 2642 845 2716 ingressuspa·
901 2649 983 2717 parte
994 2642 1144 2716 quadrata
1160 2642 1285 2699 ecclesia
1298 2648 1429 2716 quatuor
1441 2641 1613 2715 lapideis...
1624 2660 1726 2717 super·

14 2727 356 2801 ludesejusintersecut.
370 2729 440 2786 lude
454 2744 574 2803 quoque
586 2730 847 2787 cursussuosdiri·
901 2732 998 2804 posita
1012 2736 1065 2798 est,
1081 2736 1165 2789 cocto
1180 2747 1214 2789 er
1231 2730 1331 2799 latere,
1356 2736 1436 2788 creta
1461 2747 1549 2804 super
1570 2737 1658 2803 tecta,
1674 2732 1726 2791 ubi

15 2833 107 2891 gens,
123 2817 295 2890 quindecim
309 2818 692 2891 milliapassnnmsineulla
702 2820 848 2876 intermis-
902 2820 1724 2894 Dominivestimentacumbaptizareturservatasuut....

14 2907 104 2963 sione
121 2906 310 2979 progreditur
325 2905 476 2979 usquead
492 2906 597 2963 urbem
609 2907 727 2963 lutiam.
743 2910 848 2964 Postea
902 2908 1726 2983 theolocoquoeiaucibusmarisGaliloeeeJordeuisex·

11 2994 121 3052 lacum
137 2993 267 3051 Genesar
282 2993 382 3052 medio
392 2993 496 3051 transit
507 2992 630 3061 tinente,
641 2994 849 3069 indeplurima
903 2998 1021 3071 itusque
1032 2997 1173 3055 ubimare
1183 3000 1329 3056 llortuum
1340 2998 1441 3064 intrat,
1457 3002 1525 3056 octo
1539 2997 1656 3056 dierum
1672 2998 1727 3057 iter

13 3085 270 3153 circumvagatus,
280 3082 441 3156 Alialtium‚
455 3083 510 3140 hoc
521 3087 565 3140 est
580 3099 663 3141 mare
686 3084 847 3152 Mortuum,
902 3085 1729 3160 esthocustaeaulemdequibusedebatbeatusioannes,

12 3172 182 3243 ingressus,
193 3171 361 3229 laudabiles
371 3172 583 3246 perditaquas;
598 3177 643 3229 est
651 3173 731 3230 euim
741 3174 849 3231 coloris
865 3146 887 3206 G
902 3176 945 3233 ibi
955 3191 1052 3249 usque
1064 3174 1151 3232 hodie
1171 3180 1251 3245 suut,
1265 3190 1331 3247 quoe
1350 3174 1534 3247 corpusculis
1554 3176 1585 3232 iu
1601 3175 1730 3234 modum

12 3260 80 3319 albi
92 3259 235 3326 sicutlao,
251 3266 279 3318 et
294 3262 334 3318 ob
348 3261 405 3318 hoc
429 3261 550 3319 inmari
575 3263 688 3319 itortuo
702 3262 848 3321 discerni-
902 3264 988 3335 digiti
1002 3279 1110 3321 manus
1125 3262 1248 3320 exilibus
1264 3268 1292 3320 et
1305 3263 1444 3320 brevibus
1459 3304 1467 3330 ,
1480 3264 1511 3320 iu
1530 3264 1630 3322 herbis
1643 3264 1729 3322 iacile

13 3355 77 3408 tur.
93 3351 143 3406 Est
156 3354 257 3407 autem
273 3352 411 3417 Genesar,
427 3350 514 3407 idest
535 3367 619 3408 mare
635 3350 766 3419 Galilere,
781 3368 848 3409 ma·
902 3356 995 3425 captu
1009 3357 1161 3423 coctaque
1171 3351 1201 3407 iu
1211 3349 1277 3407 oleo
1290 3351 1415 3422 pauperi
1428 3351 1725 3425 prabeutvictumdu

13 3439 90 3512 gnis
104 3436 195 3505 silvis,
212 3437 443 3506 circumdatum,
470 3438 501 3495 in
526 3438 714 3511 longitndine
731 3440 848 3497 habens
902 3440 1010 3497 eodem
1022 3440 1138 3496 deserto
1154 3443 1226 3496 sunt
1236 3438 1358 3495 arbores
1378 3437 1451 3496 lolia
1465 3437 1525 3496 lata
1546 3446 1575 3497 ct
1595 3440 1726 3498 rotunda

11 3530 141 3585 centum
155 3525 312 3599 sexaginta
325 3527 846 3602 stadia,inlatitudinequadragiula3
900 3527 986 3585 lactei
999 3528 1107 3585 coloris
1119 3529 1147 3584 et
1159 3525 1260 3582 melliti
1270 3526 1612 3600 saporishsbcnres‚quse
1621 3533 1729 3586 natura

12 3629 105 3687 aqua
115 3612 210 3670 dulcis
219 3620 248 3671 et
258 3614 297 3671 ad
306 3614 783 3690 potandumumabili,siquidem
791 3631 847 3673 neo
900 3615 999 3687 fragili
1017 3614 1157 3672 manibus
1167 3613 1369 3671 confricantur
1379 3620 1409 3672 et
1429 3615 1569 3683 eduntur,
1593 3616 1651 3673 hoc
1664 3631 1729 3673 esse

10 3701 159 3776 palustris
173 3702 294 3774 uliginis
304 3707 471 3760 crassatum
491 3704 604 3777 aliquid
620 3710 670 3761 aut
694 3704 847 3761 turbidum
901 3703 962 3760 mel
974 3702 1109 3760 silvestre
1123 3701 1241 3758 dicitur.
1258 3702 1347 3772 igitur
1359 3706 1387 3758 et
1401 3701 1468 3758 lons
1483 3703 1579 3759 saneti
1602 3702 1730 3760 Joaunis

9 3789 150 3863 recipit:
174 3791 247 3864 quia
270 3805 396 3847 arenoso
415 3791 547 3865 undique
571 3792 667 3850 littore
685 3793 849 3850 circumve·
902 3789 1043 3864 Baptista
1053 3788 1219 3847 ostenditur
1231 3787 1332 3845 lucida
1353 3803 1432 3860 aqua
1449 3787 1569 3862 lapideo
1580 3795 1729 3862 protectus

10 3883 108 3938 uitur.
124 3878 179 3936 Sed
193 3880 321 3936 amoeuis
330 3879 534 3937 circumdatur
541 3880 661 3953 oppidis
672 3897 679 3937 :
689 3881 727 3938 ab
735 3883 848 3939 oriente
902 3884 987 3943 tecto
999 3878 1080 3936 calce
1089 3875 1205 3950 perlito.
1219 3875 1275 3943 Qui
1289 3880 1390 3933 autem
1406 3876 1445 3933 ad
1457 3877 1620 3934 iordanem
1632 3878 1674 3935 ire
1688 3878 1729 3935 ab

8 3966 133 4026 iuliade
148 3973 177 4024 et
189 3967 294 4041 hippo,
309 3967 349 4024 ab
359 3968 672 4026 occidentaliberiade
675 4009 845 4030 ......
900 3966 1064 4028 Jerusalem
1078 3965 1291 4038 desiderutpcr
1304 3969 1437 4021 montem
1448 3963 1552 4022 Oliveti
1566 3965 1728 4033 descendit;

14 4098 314 4116 .........
339 4070 447 4125 genere
474 4071 595 4130 quoque
609 4057 734 4129 piscium
749 4063 845 4128 gustu,
902 4061 1034 4115 amente
1049 4053 1152 4113 otirni
1165 4051 1297 4110 Christus
1308 4052 1443 4111 ascendit
1454 4053 1494 4110 ad
1509 4053 1628 4126 coelum,
1643 4061 1672 4112 et
1684 4054 1728 4112 ibi

9 4141 128 4218 specie,
141 4159 235 4216 quam
251 4144 280 4199 iu
297 4144 356 4200 alia
368 4142 436 4200 lacu
452 4144 669 4218 praestantiora.
683 4149 758 4204 llere
778 4161 847 4202 vero
901 4146 970 4202 tecit
983 4146 1068 4201 Pater
1086 4148 1196 4200 nostes
1210 4142 1294 4198 lions
1306 4145 1407 4199 autem
1419 4141 1518 4200 Sioua
1532 4143 1655 4200 meridie
1671 4148 1727 4210 est,

9 4235 163 4291 Mortuum
171 4233 357 4302 longitudine
367 4233 694 4308 studiisquiuquaginta
700 4235 848 4306 octogiuta
901 4233 944 4291 ihi
957 4233 1031 4290 obiit
1037 4237 1142 4290 sancta
1153 4231 1243 4289 llaria
1253 4247 1260 4297 ;
1270 4237 1297 4287 et
1308 4228 1348 4286 ibi
1362 4229 1644 4289 Domiuuscoeuavit
1659 4247 1727 4288 cum

7 4321 160 4392 usquead
180 4323 289 4377 zoaros
306 4321 433 4389 arabice,
457 4321 613 4379 latitudine
626 4330 746 4379 centum
761 4325 847 4397 quin·
902 4322 1054 4395 discipulis
1069 4320 1140 4390 suis,
1156 4324 1185 4376 et
1197 4318 1472 4392 ibimisitSpiritum
1486 4325 1624 4382 sanctum
1637 4333 1729 4393 snper

7 4409 164 4485 quaginta
181 4409 323 4482 usquead
336 4409 445 4467 vicinia
470 4412 670 4469 Sodomorum
687 4412 845 4486 protendit.
902 4409 1076 4484 discipulos.
1092 4410 1125 4465 ln
1136 4408 1263 4465 ecclesia
1278 4423 1349 4464 rere
1364 4423 1433 4481 quae
1451 4413 1497 4465 est
1515 4408 1546 4464 in
1557 4406 1726 4465 Bethlehem

8 4504 93 4558 Nam
105 4503 134 4555 et
147 4498 185 4555 de
195 4500 294 4572 puteis
322 4501 479 4572 quondam
501 4501 572 4558 salis
587 4507 652 4574 post
671 4502 809 4559 Sodoma
820 4507 848 4559 et
864 4501 887 4560 D
902 4505 947 4557 est
960 4515 1075 4566 mensa,
1090 4498 1121 4554 in
1135 4513 1196 4570 qua
1209 4496 1340 4554 comedit
1354 4499 1458 4554 sancta
1486 4497 1578 4554 ituria
1589 4512 1659 4554 cum
1677 4495 1726 4554 tri-

8 4587 228 4648 Gomorrha..
251 4630 258 4645 .
281 4589 496 4646 ‚certissimum
506 4591 772 4663 estltpparetrero
780 4606 848 4664 pro·
901 4590 959 4645 bus
975 4587 1106 4659 regibus,
1131 4586 1279 4643 Christum
1295 4585 1347 4642 liei
1362 4585 1469 4642 Filium
1493 4585 1723 4659 requirentibus.

7 4678 63 4735 cul
78 4675 117 4732 de
138 4677 258 4750 specilla
280 4678 390 4735 montis
415 4679 517 4736 oliveti
533 4681 734 4738 cernentibus.
760 4681 846 4749 Quod
902 4678 1133 4737 Columnaesuut
1146 4672 1726 4749 iutnsipsamecclesiamsexagintaqua·

5 4765 845 4842 fluctuumcollisionecommotumsalsissimumejicitsal,
902 4773 985 4824 tuor:
1004 4765 1045 4822 ibi
1055 4765 1246 4839 requiescunt
1260 4765 1342 4836 pueri
1357 4779 1411 4838 pro
1426 4762 1543 4821 Christo
1558 4766 1597 4822 ab
1609 4765 1724 4821 Herode

6 4855 111 4913 ethoc
121 4853 183 4910 sole
196 4855 341 4911 siccatum
369 4856 525 4929 accipitur,
552 4857 653 4913 multis
677 4857 846 4914 nationibus
900 4852 1724 4940 interiectiFundamenteveromurorumurbisleqicho,

5 4941 217 5018 profuturum.
229 4945 306 4999 blare
320 4959 390 5001 vero
401 4945 551 5002 Mortuum
570 4944 662 5002 nichil
680 4945 783 5018 recipit
798 4962 846 5016 gs-
900 4960 975 5018 quos
986 4944 1128 5001 subvertit
1142 4946 1226 5000 lesus
1241 4941 1322 4999 iilius
1333 4943 1528 5009 Narc,adhuc
1539 4947 1664 5015 exparte
1674 4957 1726 5014 ap·

4 5046 123 5090 nerum
138 5031 312 5100 viventium,
328 5047 426 5106 neque
450 5034 559 5107 pisces,
589 5049 688 5106 neque
710 5041 846 5092 assuetas
899 5033 1124 5108 parentitibus
1138 5048 1204 5089 vero
1230 5031 1382 5105 sycomori
1395 5032 1426 5088 iu
1441 5047 1500 5104 qua
1523 5030 1657 5089 ascendit
1672 5033 1724 5088 Za·

4 5119 114 5195 aquis.
136 5161 143 5175 .
166 5162 173 5174 .
196 5162 203 5175 .
220 5121 353 5194 Denique
373 5122 399 5177 si
419 5123 558 5179 iordanis
581 5129 687 5179 auctus
700 5123 843 5180 imbribus
899 5123 1012 5187 choeus,
1025 5122 1175 5192 statjuxta
1189 5121 1312 5178 domum
1325 5119 1442 5179 ltahab.
1456 5120 1722 5192 Nonlongeautem

3 5211 113 5286 pisces
136 5207 204 5266 illuc
220 5208 378 5266 influentes
398 5212 542 5284 rapuerit,
558 5213 659 5269 statim
677 5215 845 5270 moriuntur
899 5209 1207 5269 abierichoestlocus
1218 5210 1295 5267 uude
1310 5210 1551 5282 liliusrsptusest
1565 5209 1721 5267 incoelum.

4 5307 35 5358 et
52 5296 219 5373 pinguibus
248 5298 334 5372 aquis
349 5305 554 5373 supernatant,
570 5303 702 5359 lucerna
716 5319 844 5360 accensa
897 5302 990 5357 Trans
1000 5299 1164 5356 Jordanem
1191 5313 1263 5355 vero
1286 5302 1355 5354 sunt
1370 5303 1484 5355 montes
1499 5296 1607 5355 excelsi
1627 5298 1724 5365 valde,

4 5387 129 5448 ibidem
140 5387 294 5444 natutslue
310 5388 843 5460 ullaconversions,exstinctudemer-
896 5391 973 5447 iuter
987 5404 1064 5464 quos
1079 5393 1123 5445 est
1138 5388 1223 5444 nidor
1230 5403 1306 5444 uuus
1315 5387 1366 5460 qui
1374 5396 1494 5444 vocatur
1506 5388 1723 5463 Naban,inquo

7 5480 103 5550 gitur,
121 5476 278 5551 omniaque
290 5477 422 5537 viventia
436 5478 585 5552 demersa,
605 5480 741 5540 licetsint
754 5482 841 5539 rehe-
897 5475 1722 5552 ascenditreoyses,qucnd0vrcitterrsmreprouissionis

9 5564 843 5632 menterittisastalimresiliunt.llomiueseuimuataudi
896 5566 1428 5642 ctmortuusest.Gebauuuoulouge
1442 5567 1719 5645 estabtesusaleur,
