3884 6050
25 285 107 346 rra
765 285 985 351 amaricare.
1324 239 1327 244 ¹
1650 291 1728 356 reri
1758 296 1763 306 ·

24 414 85 489 ptis
101 431 205 473 secum
218 415 435 474 Beneventanis
447 417 609 491 judicibus,
620 423 649 476 et
658 417 851 490 trigintaaliis
865 421 890 482 Δ
905 420 1030 478 66616661
1043 422 1133 481 turba
1148 424 1286 483 civitatis.
1298 425 1489 500 Landulphas
1507 429 1608 483 autem
1617 426 1730 483 archie-

22 504 129 579 probis
151 506 230 572 viris,
254 506 295 563 ad
310 521 410 577 regem
425 507 647 566 festinaverunt.
669 511 728 566 Rex
749 509 851 581 itaque
904 510 1095 583 piscopussic
1110 513 1293 571 cardinalem
1310 515 1628 588 lugientemaspiciens
1644 514 1727 588 pala·

22 593 178 666 diligenter
192 611 254 661 eos,
268 599 298 653 et
308 596 433 654 honeste
448 598 571 672 accepit,
600 598 709 656 deinde
735 597 850 654 eunctis
905 598 977 655 lium
990 600 1283 673 episcopiiascendit‚
1291 609 1320 660 61
1329 604 1370 660 ibi
1380 604 1484 660 timore
1501 610 1621 660 coactus
1631 619 1730 660 mora-

20 682 113 756 tonge
124 684 243 758 lateque
273 685 483 743 confabulatus
497 692 587 753 est‚ut
611 687 676 760 ejus
690 702 802 752 amore,
823 691 852 744 61
902 687 998 745 batur.
1016 690 1129 755 Quibus
1145 691 1185 748 ita
1197 694 1325 765 peractis
1338 692 1466 766 populus
1482 693 1512 748 in
1528 708 1621 748 unum
1637 695 1729 748 66166-

22 772 156 830 anacleti
166 773 307 831 fidelitate
339 790 434 831 secum
462 775 574 847 alligat,
599 783 627 833 61
653 775 851 833 sacramentis
903 783 1001 841 vatus,
1020 780 1112 835 armis
1126 780 1251 852 eductis,
1266 781 1367 854 palam
1395 780 1624 847 vociferabatur,
1644 780 1728 853 quod

22 862 217 920 conlmderati
232 879 370 937 guerram
379 864 524 921 adversus
549 865 715 938 principem
736 865 850 937 Capua·
903 876 1091 925 sacramenta
1105 870 1167 940 regi
1180 871 1304 941 ltogerio
1321 870 1434 927 noviter
1453 871 1531 926 iacta
1546 884 1607 926 non
1631 868 1728 925 obser·

22 966 110 1017 num,
126 953 303 1010 etcomltem
319 951 518 1025 lleinulphum
533 953 665 1010 lacerent
686 954 755 1025 (rt).
782 955 851 1010 Pro·
903 961 1044 1012 ventur«
1065 957 1209 1015 Nolumus
1224 959 1342 1030 quidem
1356 961 1398 1015 sie
1424 959 1487 1030 regi
1501 957 1626 1028 alligari,
1642 963 1671 1014 et
1682 973 1728 1014 sa·

23 1040 340 1113 mittebatideapacem
353 1038 464 1099 civitati
479 1044 694 1100 Beneventanus
700 1042 847 1109 daturum,
903 1047 1061 1102 oramentis
1071 1046 1181 1102 astricti
1191 1047 1221 1103 in
1234 1045 1726 1120 expeditionibussnisaumsicutis

21 1134 51 1186 61
62 1131 339 1187 beneventanorum
349 1129 537 1188 haereditates
552 1147 571 1188 a
584 1131 849 1189 Northmannorum
902 1131 1393 1208 etCalabridibus,Apulisquesole
1405 1135 1519 1192 ardenti
1536 1133 1726 1192 6166666616-

22 1218 174 1287 666611616,
185 1222 214 1275 61
225 1218 342 1276 tributis
355 1217 491 1276 liberare.
509 1218 584 1286 0616
612 1219 850 1277 6661161066ᾱί-
903 1221 984 1293 ligati
1000 1221 1148 1280 anhelare.
1173 1226 1201 1278 ln
1221 1224 1336 1281 deliciis
1351 1223 1473 1297 quidem
1490 1225 1589 1296 positi,
1610 1229 1638 1280 et
1652 1223 1727 1295 peri·

20 1306 101 1364 nelis
114 1306 848 1382 66666166661666166666661661666666161611666
902 1308 977 1366 culis
987 1311 1192 1369 exercitalibus
1203 1328 1362 1385 nunquam
1376 1311 1486 1369 assueti
1514 1327 1578 1368 curn
1593 1311 1644 1368 tali
1659 1314 1728 1367 tan·

19 1396 223 1453 Beneventum
232 1395 343 1453 reversi
353 1400 433 1453 sunt.
447 1401 504 1454 Nec
513 1413 593 1454 mora
606 1413 613 1465 ;
627 1400 847 1454 Beneventano·
902 1401 992 1472 toque
1011 1414 1081 1471 rege
1098 1402 1247 1458 consortia
1273 1402 1395 1458 minime
1422 1401 1609 1458 habemns.»
1630 1398 1730 1457 llisita

21 1483 848 1560 rumnonmodicampartemcongregaripraecepitqua·
903 1488 1064 1559 premissis
1080 1495 1261 1548 memoratus
1276 1491 1425 1563 princeps,
1441 1494 1469 1546 61
1489 1504 1586 1546 comes
1610 1487 1726 1546 Rainul·

18 1576 107 1630 tenus
120 1588 210 1645 super
223 1572 281 1641 his,
293 1589 362 1647 quae
376 1590 393 1629 a
415 1589 485 1646 rege
511 1578 697 1647 acceperant,
712 1573 849 1631 consilia·
902 1577 1256 1651 pliusnuntiisecceptis,
1270 1579 1484 1635 Beneventanis
1492 1578 1637 1634 miserunt
1642 1575 1726 1649 pacis

18 1667 123 1719 rentur
136 1681 146 1734 ς
157 1666 340 1734 parcentem
353 1663 457 1736 populi
467 1669 616 1737 66666616
634 1663 794 1722 cardinalis
805 1663 848 1719 ia·
901 1663 1040 1731 verba,et
1055 1667 1219 1723 securitatis
1228 1666 1452 1724 dilectionem«
1468 1665 1724 1730 Notamsitvobis,

20 1765 92 1806 rens
107 1750 218 1807 curiam
233 1751 309 1808 sacri
321 1752 421 1824 palatii
436 1751 580 1822 ascendit,
591 1751 701 1809 deinde
711 1751 846 1808 ordinem
865 1753 1045 1844 Bqnoniam
1074 1754 1222 1827 princeps,
1237 1761 1267 1812 61
1280 1771 1390 1820 comes,
1416 1761 1444 1812 et
1470 1755 1532 1811 ltao
1545 1754 1582 1810 de
1593 1754 1729 1810 Fraineta

18 1838 62 1896 rei
74 1854 238 1913 exponens,
251 1841 364 1914 etquid
379 1841 487 1899 civitati
507 1840 661 1914 pollicetur
675 1840 848 1897 nominatus
902 1845 932 1899 et
944 1842 1008 1912 Ugo
1023 1841 1119 1900 intans
1131 1846 1323 1901 sacramentis
1338 1844 1598 1900 intervenientibus
1606 1841 1729 1898 dimittet

19 1943 83 1994 rex,
99 1944 115 1985 e
130 1929 252 1999 vestigio
263 1929 611 2002 aperiens,eonsiliumab
626 1930 668 1987 616
680 1935 847 2001 perseruta-
902 1930 1121 2004 inperpetuum
1138 1933 1348 1989 Beneventanis
1375 1948 1481 1989 omnes
1499 1931 1670 1988 6666116661
1681 1930 1728 1987 tri·

20 2021 70 2074 166
81 2022 135 2073 661.
147 2019 290 2091 Exposuit
300 2019 402 2084 etiam,
412 2019 557 2092 quoniam
570 2018 633 2075 sine
649 2024 850 2075 sacramento-
901 2018 985 2086 buta,
1000 2034 1069 2091 qnae
1095 2020 1183 2076 nobis
1211 2019 1324 2078 solvere
1350 2021 1511 2090 solebatis;
1529 2020 1603 2077 dum
1626 2024 1727 2075 tamen

20 2120 88 2160 rum
115 2104 280 2162 firmatione
302 2105 382 2162 istud
396 2107 549 2177 negotium
579 2120 666 2175 agere
693 2105 847 2164 noluisset.
903 2107 1728 2182 nequeregillcgerio,nequenobisauxiliementribaetia

22 2192 100 2259 Quid
113 2192 233 2263 tongins
247 2194 567 2266 morortpetitioregis
590 2193 847 2251 anditacursnra·
902 2195 1015 2252 Revera
1043 2201 1169 2252 vestram
1191 2197 1336 2254 auxilium
1357 2202 1489 2269 tempore
1514 2198 1572 2253 isto
1594 2196 1728 2267 accipere

21 2281 91 2354 pido
106 2281 288 2354 quibusdam
302 2281 849 2355 complacuitBenevenlenoram.Gon·
901 2283 1039 2340 nolumus
1051 2283 1161 2340 civitati
1176 2284 1375 2358 providentes,
1391 2300 1428 2341 ne
1443 2285 1494 2341 tali
1516 2284 1675 2342 occasione
1691 2282 1729 2338 ci·

23 2368 606 2443 11666161666666666616116616661111,
635 2369 689 2443 qui
702 2385 849 2428 convene-
902 2371 980 2427 vitae
992 2373 1197 2429 beneventana
1217 2373 1451 2430 contrarietatem
1474 2372 1606 2428 incurret
1621 2387 1629 2438 ;
1648 2370 1730 2426 volu·

19 2461 99 2523 rant,
114 2457 846 2531 1661666661666661666666,Ρ6661666,1166166166,
903 2475 968 2516 mus
995 2464 1096 2517 tamea
1126 2460 1223 2517 securi
1251 2462 1387 2528 transire,
1414 2465 1442 2518 et
1466 2459 1570 2518 timore
1593 2458 1727 2532 deposito

20 2546 207 2614 Benedictus,
219 2545 369 2604 ltoffridus
378 2547 563 2618 juraverunt,
577 2563 638 2604 non
652 2561 717 2603 6666
730 2545 847 2604 1616616
903 2546 1067 2604 securiores
1081 2564 1212 2607 manere.
1227 2570 1240 2602 ι
1255 2549 1332 2616 0616
1356 2549 1473 2606 multat
1495 2548 1562 2604 licet
1589 2544 1728 2603 cardinali

19 2634 208 2703 consili0‚vel
223 2650 360 2705 6666666,
378 2642 408 2693 61
423 2651 476 2692 rex
486 2635 534 2692 ille
545 2636 641 2703 vitem,
656 2634 701 2691 vel
715 2635 847 2708 corporis
902 2636 1078 2704 crescentio,
1095 2639 1301 2694 Beneventano
1319 2637 1435 2704 rectori,
1459 2644 1580 2709 pactum
1601 2634 1675 2692 illud
1686 2633 1730 2690 di·

20 2721 157 2778 membra
172 2722 287 2794 perdat,
308 2723 521 2796 66166616166,
549 2729 577 2780 et
591 2723 701 2790 vivam,
718 2728 746 2779 61
756 2723 848 2779 conti·
902 2723 1083 2797 eplicuisset,
1095 2731 1195 2782 tamon
1209 2724 1421 2782 Beneventanis
1436 2725 1534 2783 animo
1548 2721 1729 2781 libeatieatia

18 2824 260 2880 nuamguerram
270 2811 394 2884 principi
408 2811 567 2883 nominato,
575 2817 604 2868 ct
618 2810 846 2882 comitiiaciant,
902 2813 1035 2886 satisque
1049 2813 1239 2886 complacuit.
1267 2815 1409 2887 Princeps
1435 2814 1546 2885 itaque,
1570 2817 1599 2869 61
1626 2826 1728 2867 comes

19 2901 50 2954 et
65 2897 205 2972 aliaque
220 2899 252 2956 in
277 2896 740 2972 (1661161661166161636666166,
764 2899 847 2958 salva
902 2901 1089 2974 lleinulphus
1105 2903 1248 2959 militibus
1257 2903 1360 2959 accitis
1381 2903 1420 2959 ad
1436 2905 1558 2959 Pontem
1582 2900 1728 2971 maiorem

20 2990 117 3045 166666
128 2987 264 3047 1166111616
293 2989 370 3047 Petri
394 2989 531 3064 aposloli.
555 2989 670 3057 Quibus
695 2990 738 3047 116
763 3005 846 3064 pera·
903 2994 1057 3059 venerunt,
1073 2997 1207 3050 etcoram
1232 2991 1409 3066 Lanaulplro
1431 2986 1727 3049 Beneventanoanti·

20 3077 74 3135 ctis
88 3077 247 3137 cardinalis
261 3079 299 3136 de
309 3077 420 3151 palatio
434 3079 629 3145 66666661161
639 3095 692 3152 per
701 3080 847 3137 civitatem
862 3103 885 3165 0
904 3082 979 3148 stite,
995 3086 1024 3137 et
1038 3081 1125 3138 turba
1139 3082 1236 3138 multe
1244 3085 1532 3146 beneventanorum,
1549 3080 1624 3135 sicut
1638 3078 1668 3134 ia
1682 3093 1729 3133 su·

21 3171 97 3239 quot
108 3165 231 3223 inveniri
245 3166 367 3234 studuit,
381 3172 570 3225 sacramento
585 3167 691 3224 eodem
703 3166 845 3240 alligavit.
903 3169 1011 3243 6661661
1026 3169 1229 3236 tractavimus,
1246 3169 1336 3226 simul
1359 3176 1388 3227 et
1406 3170 1469 3226 Rao
1490 3169 1526 3224 66
1542 3168 1685 3231 16616616,
1701 3169 1728 3221 61

21 3256 158 3328 Cumque
169 3255 295 3312 16111666
313 3256 527 3313 Beneventanis
532 3256 666 3328 jnratum
682 3256 849 3323 esset,iama
904 3260 966 3327 Ugo
981 3255 1729 3330 16166616666666611666666661666666Β.16166

20 3342 159 3400 terribilis
169 3343 315 3402 civitatem
329 3348 568 3402 Beneventanum
588 3344 738 3418 perculsit,
752 3350 780 3401 61
792 3344 847 3401 lin·
902 3346 1086 3413 fidelitatem,
1105 3350 1133 3402 61
1158 3346 1269 3417 6661616
1299 3345 1427 3416 sigillato
1454 3344 1591 3401 ordinem
1623 3357 1729 3399 conve·

20 3429 848 3506 guissotnlisvocilerabanturelii‚lquibussaoramenlum
903 3431 1731 3504 nientioeetsacramentorumfirmitatemadnotarijasse·

20 3517 94 3575 illud
106 3519 291 3592 displicebat,
306 3520 556 3593 qnodoerdinalis
570 3521 848 3579 crescentiussimul
903 3525 983 3589 runt,
998 3536 1164 3595 peromnes
1179 3522 1303 3578 civitatis
1318 3526 1419 3593 portas
1438 3520 1575 3593 scriptum
1585 3519 1731 3589 signatum

19 3608 323 3683 cumarchiepiscopo
336 3607 850 3683 landulpho,etjndicibuanomina·
905 3608 942 3665 de
957 3610 1163 3667 convenientia
1177 3609 1279 3667 illaad
1294 3610 1476 3684 posteritatis
1486 3605 1733 3665 memoriamdili·

20 3697 69 3763 lis,
85 3701 114 3754 et
126 3698 338 3756 Beneventanis
353 3698 693 3772 quibusdamoivilatem
704 3701 852 3755 Beneven·
904 3699 986 3769 genti
997 3714 1068 3754 6666
1081 3699 1209 3771 positum
1219 3696 1732 3771 eet.Cumquetallumsacramento·

21 3789 123 3843 lanam
134 3788 195 3859 regi
225 3788 351 3858 lingerio
372 3787 445 3843 dare
470 3786 620 3854 voluisset,
636 3792 665 3843 61
677 3786 708 3842 16
721 3787 786 3859 ejus
799 3802 852 3859 po-
904 3788 1245 3853 runr,etconvenientiae
1260 3802 1329 3843 cum
1358 3787 1491 3859 principe
1512 3783 1732 3841 firmiterlactae

20 3879 126 3933 1661616
146 3875 258 3947 1663161.
274 3875 473 3933 Affirmabant
495 3891 617 3948 quoque
633 3875 737 3932 uncias
749 3876 814 3932 auri
832 3891 851 3934 a
906 3874 1022 3948 11636611
1033 3876 1204 3947 regioannae
1217 3874 1457 3945 iamatetigisset,
1468 3874 1643 3944 ultraquam
1654 3870 1732 3926 credi

20 3979 90 4036 rege
108 3964 283 4022 innumeras
295 3964 455 4038 accepisse.
473 3966 594 4022 Factum
608 3968 766 4022 astantem
781 3980 850 4021 eum
905 3969 1013 4037 potest,
1025 3964 1179 4019 admirans
1195 3963 1391 4034 obstupuit,et
1401 3961 1505 4018 dolore
1515 3957 1732 4033 cordispercul·

20 4053 119 4111 taliter
132 4053 215 4112 lama
230 4054 404 4126 hujusmodi
418 4070 470 4127 666
484 4054 631 4111 civitatem
647 4054 849 4122 ventilaretur,
907 4068 959 4108 666
976 4052 1075 4109 aicbat
1090 4072 1097 4111 :
1111 4051 1264 4124 quomodo
1279 4051 1381 4108 civitas
1404 4052 1622 4116 Beneventano,
1644 4048 1730 4119 cujus

20 4158 60 4199 en
70 4143 168 4200 subito
183 4143 271 4200 armis
281 4144 411 4215 66666116
428 4143 559 4200 maxima
577 4143 701 4200 civitatis
712 4143 802 4199 turba
819 4143 851 4199 in
905 4141 1047 4200 auxilium
1060 4142 1171 4198 trabere
1182 4142 1316 4215 putabat,
1332 4157 1404 4214 erga
1416 4139 1559 4215 principis
1572 4144 1600 4196 61
1615 4137 1732 4194 comitis

20 4230 136 4304 plateas
146 4232 243 4300 exivit,
257 4236 285 4288 61
299 4231 398 4289 166666
420 4237 539 4304 arrepto
561 4248 652 4305 super
666 4230 849 4288 cardinalem
906 4228 1067 4303 flainulpbi
1083 4229 1272 4287 dilectionem
1298 4229 1481 4295 adhesisset,
1507 4243 1611 4284 revera
1625 4227 1733 4282 616616

22 4319 234 4390 crescentium,
249 4322 409 4391 insurgens
423 4320 454 4376 in
482 4320 587 4390 lugam
611 4319 692 4377 illum
708 4319 849 4392 perduxit.
907 4319 1007 4376 multis
1018 4318 1226 4393 comperimus,
1241 4334 1301 4376 non
1313 4320 1419 4375 611666
1428 4309 1522 4373 eausa
1535 4331 1634 4386 regem
1647 4314 1732 4370 illum

22 4407 290 4464 cardinalisautem
303 4409 408 4465 timore
422 4408 694 4465 coactuseivitatem
708 4406 851 4478 16316666
870 4398 891 4457 D
906 4409 985 4465 circa
999 4409 1224 4465 Beneventanus
1235 4408 1439 4472 fiaesvenisse,
1452 4406 1733 4461 nisintltenevente·

22 4495 161 4564 66666611,
174 4501 202 4553 61
220 4495 260 4552 66
272 4512 374 4567 regem
388 4495 561 4553 festinanter
572 4497 759 4554 acceleravit.
771 4499 852 4553 Nun·
905 4512 1015 4554 norum
1033 4496 1150 4561 anxilio,
1167 4503 1195 4553 el
1209 4496 1312 4554 virtute
1339 4495 1502 4567 principem
1528 4493 1692 4557 invaderet,
1706 4496 1734 4547 et

24 4583 218 4658 tiavititeque
232 4585 345 4650 omnia,
356 4600 424 4658 ques
444 4586 601 4641 Beneventi
617 4584 799 4652 acciderent,
824 4589 853 4641 61
906 4601 975 4642 eum
992 4586 1021 4642 in
1037 4585 1141 4657 lugam
1156 4585 1277 4642 duceret
1291 4583 1474 4641 desolatum.
1491 4582 1574 4639 Unde
1593 4596 1613 4637 6
1625 4578 1732 4637 mentis

25 4671 150 4744 qualiter
163 4673 270 4729 inerim
289 4672 442 4746 lapidibus
454 4674 606 4745 armisque
616 4674 745 4747 acceptis
757 4674 853 4729 insar-
905 4674 1054 4746 proposito
1060 4671 1439 4744 decidens,cogitationibus
1447 4670 1537 4727 variis
1544 4668 1735 4739 frangebatur

62 4841 120 4911 (tl)
146 4841 250 4913 Capuae
271 4842 367 4915 itaque
391 4842 522 4914 princeps
546 4843 684 4900 liebertus
708 4845 852 4898 Beneven-
906 4842 989 4898 166116
1004 4842 1103 4898 6661666
1121 4842 1165 4897 die
1179 4840 1363 4896 666616161ἰί
1376 4842 1499 4895 intrante
1522 4843 1735 4894 castrametatur

26 4916 112 4968 16666
127 4915 164 4968 66
178 4930 275 4986 regern
292 4913 443 4996 1163661666
459 4916 498 4970 166
508 4914 659 4985 persuasit,
672 4920 700 4968 61
716 4916 853 4969 adversus
906 4913 998 4985 166661
1017 4931 1026 4979 ,·
1040 4913 1255 4984 616661636166
1276 4913 1376 4980 semel,
1400 4910 1560 4993 etiterum
1574 4907 1734 4992 principem

26 5000 57 5040 se
75 4984 323 5041 166666666661116
338 4985 470 5041 inirent?
484 4985 557 5050 0616
584 5001 652 5041 6666
676 4985 825 5040 absurdius
838 4983 853 5040 1
908 4986 1059 5040 lloberlain
1075 4983 1319 5055 interpellaverat,
1330 4989 1360 5038 ut
1368 4985 1515 5053 justrtiaru
1530 4980 1583 5035 erbe
1596 4978 1734 5034 66661166

26 5056 84 5112 Sed
97 5057 223 5123 adverte,
245 5073 280 5110 ne
307 5055 394 5112 lallar
422 5056 504 5111 lectio
529 5056 565 5110 66
589 5055 646 5111 6116
660 5072 678 5111 6
692 5072 758 5111 6666
772 5071 853 5138 aeque
906 5055 1046 5126 uariisque
1073 5054 1255 5126 querimoniis
1277 5059 1485 5134 consequeretur
1497 5068 1506 5117 ;
1524 5052 1573 5106 sed
1600 5049 1681 5104 illurn
1697 5048 1734 5132 ad

27 5125 353 5183 alicnacommentende
368 5132 395 5182 te
408 5128 525 5182 seducat
541 5143 547 5193 ;
562 5143 631 5182 nam
643 5126 725 5183 Falco
736 5126 828 5197 inquit
844 5142 852 5191 ;
907 5127 1004 5182 debita
1020 5127 1156 5197 obsequia
1171 5126 1223 5181 sibi
1240 5125 1403 5197 praestanda
1420 5123 1535 5178 allicere
1559 5136 1625 5177 oum
1638 5134 1736 5191 nequi·

28 5196 167 5266 Princeps
182 5197 731 5268 66666166666611,616.,661116616666,
746 5202 855 5271 616666-
909 5197 1006 5265 616661,
1020 5198 1112 5253 661666
1124 5199 1212 5253 mutto
1243 5212 1385 5258 accensus,
1415 5201 1441 5251 et
1454 5196 1520 5266 quia
1552 5193 1736 5276 puramente

27 5274 107 5324 terea
122 5270 199 5339 quod
213 5268 368 5324 cardinalis
384 5269 611 5335 crescentiana
626 5269 854 5340 66661661666666
907 5275 1082 5335 conceperat,
1097 5271 1184 5324 aliter
1196 5269 1402 5347 fiere'ropnapit,
1414 5269 1626 5348 rationalesque
1639 5263 1735 5318 turba·

28 5341 214 5410 bardulphus
226 5340 377 5408 assumptis
392 5356 482 5396 recum
491 5340 853 5411 Beneuentaou'ucticr'bur,
909 5346 952 5394 tus
963 5345 1017 5405 eat,
1028 5345 1054 5394 61
1068 5342 1200 5395 66611666
1215 5340 1405 5395 Crescentrum
1419 5337 1591 5393 cardinalem
1600 5342 1736 5391 rectorem

29 5418 58 5466 61
76 5411 269 5482 1616161661116
290 5411 380 5479 prolia
392 5412 462 5467 61616
475 5413 612 5483 adrepem
630 5412 851 5483 festinaverunt:
908 5411 1128 5467 Beneventanum
1143 5411 1195 5482 (sic
1217 5411 1301 5481 plane
1329 5408 1482 5481 legendum
1499 5426 1506 5479 ;
1520 5423 1590 5478 non,
1601 5409 1640 5462 61
1653 5408 1736 5487 prin·

31 5482 140 5538 ioedera
151 5482 258 5537 scilicet
273 5498 339 5537 6666
354 5498 388 5537 66
404 5481 511 5537 inituri.
526 5486 588 5539 Non
614 5483 743 5554 princeps
756 5480 853 5551 igitur,
908 5496 970 5552 ceps
986 5484 1123 5553 continuo)
1140 5488 1167 5539 et
1177 5481 1376 5549 landulphum
1402 5475 1736 5536 Beneventanamarelue·

30 5555 81 5608 sed
95 5553 219 5610 66611166
241 5552 337 5609 666661
360 5554 548 5609 mandaverat
565 5555 631 5626 ;pui
659 5555 689 5609 ia
711 5552 855 5623 planitiem
908 5553 1519 5624 61666666666661666666611,6166666666.

30 5624 130 5683 uentis
140 5625 169 5680 S.
187 5624 340 5696 Valentini,
353 5625 463 5682 civetati
475 5627 673 5683 Beneventano
683 5624 854 5696 proximam,
