3884 6050
32 309 112 372 ffll
773 306 995 372 ffleoutcort.
1669 307 1749 369 iffi

31 440 131 515 spolie
151 441 180 496 et
200 437 320 498 divitiae
338 439 443 513 purtim
463 440 542 512 igue,
575 440 739 516 partimque
758 442 863 499 virtute
880 442 906 504 Α
922 447 1057 497 cestrum
1070 438 1188 497 Paludis
1196 437 1337 513 pervenit,
1347 436 1456 496 deinde
1464 437 1620 496 Salernum
1630 435 1750 495 lestine-

30 529 164 587 consumi
176 529 319 601 precepit
334 528 494 596 ;eoclesias
508 531 644 603 quidem,
657 537 686 588 et
702 546 806 588 esrum
818 545 879 587 or··
918 529 975 597 vit;
985 527 1517 591 diebussutsmncnmuttisevotuus,
1530 529 1749 584 bossemannus

29 617 865 692 nementadiripuitmulierssquoque,etsanctimcnieles
919 616 1623 689 Benevemcnuseutistes,consiiicecceptocum
1639 615 1750 687 judici·

30 706 611 780 iuopprobriumconversesunt,etbis
625 707 720 765 taliter
740 707 866 765 evolutis
917 705 1108 763 buscivitutis
1135 712 1164 764 et
1189 706 1375 780 sapientibus
1399 704 1630 778 quibusdamed
1645 718 1748 775 regem

31 795 213 861 Abellinum,
229 798 361 868 etusque
371 796 412 853 ad
421 796 719 855 confiniaiieneventi
728 797 862 854 obtinuit.
918 796 1019 870 ipsum
1032 795 1261 862 consolandum,
1281 800 1311 853 el
1323 795 1443 852 servitis
1455 794 1581 851 civitatis
1595 794 1749 852 offerenda

32 884 196 942 Confestim
207 884 349 957 magister
362 884 756 957 militumSergiuscivitatis
791 888 865 942 Nea·
918 883 1572 957 festinavit,Precaturinsuper,utlibertetem
1583 883 1749 956 possessio·

31 974 173 1047 politane
186 972 324 1031 edsuem
342 974 519 1032 convertitur
529 975 701 1033 fidelitatem
719 992 726 1032 z
744 974 867 1032 deludet
919 991 989 1033 uum
997 978 1384 1048 beneventanorumquam
1391 972 1583 1046 supradictus
1590 972 1749 1046 imperator

29 1063 369 1135 jndiceslieueventane
381 1064 507 1123 civitatis
519 1082 589 1123 cum
604 1065 668 1123 aliis
689 1064 803 1122 civibus
820 1080 866 1121 re·
919 1070 1116 1130 concesserat,
1132 1064 1245 1138 populo
1268 1066 1476 1120 Beneventano
1491 1062 1555 1135 ipse
1578 1061 1746 1132 largiretur.

31 1151 864 1225 gemipsusuadeuutssadanacletifldelitetemetipsius
919 1155 981 1211 Rex
995 1154 1094 1225 igitur,
1106 1152 1246 1226 precibus
1261 1168 1366 1209 eorum
1380 1152 1517 1224 acceptis,
1530 1166 1585 1223 pro
1602 1151 1691 1211 totius
1706 1151 1747 1206 ci·

31 1241 249 1312 regissmcrem
265 1240 409 1299 civitatem
423 1241 599 1301 submittunt
617 1243 863 1309 beneventanam,
919 1242 1015 1301 vitetis
1024 1258 1127 1300 amore
1141 1241 1330 1307 inveniendo,
1339 1240 1494 1313 privilegio
1502 1240 1617 1297 iectcet
1630 1239 1748 1312 signato

32 1329 296 1402 Innocentiipepe
310 1329 484 1389 fidelitatem
499 1330 754 1405 parvipendentes,
778 1334 807 1387 et
818 1328 864 1386 bis
919 1347 1024 1389 omnes
1037 1331 1177 1389 fidentias
1202 1335 1231 1387 et
1252 1328 1432 1396 exactiones,
1444 1344 1523 1401 quas
1545 1327 1623 1386 soliti
1637 1328 1749 1385 inimus

32 1418 111 1476 cotis
129 1424 290 1475 convocato
305 1420 435 1477 exercitu
453 1421 604 1478 civitatem
625 1422 864 1477 Beneventanum
918 1421 1094 1494 persolvere,
1106 1419 1297 1485 condonavit,
1309 1423 1338 1474 et
1346 1417 1493 1490 privilegii
1502 1417 1614 1490 pagiua
1626 1420 1749 1489 accepta

32 1506 188 1580 applicuit,
203 1510 232 1563 et
246 1512 314 1564 aute
339 1508 457 1566 Portam
471 1511 627 1567 Summam
650 1508 750 1566 medio
760 1522 864 1564 mense
919 1510 1032 1583 gaudio
1039 1509 1181 1566 ineffabili
1190 1508 1339 1565 civitatem
1347 1511 1417 1564 sunt
1427 1507 1554 1579 regressi
1570 1509 1748 1565 Beneventa-

34 1594 174 1653 Octobris
187 1595 332 1652 transiens
344 1597 384 1653 ad
398 1603 530 1655 montem
543 1598 689 1656 Sarcbum
701 1595 863 1662 testincsit,
918 1615 1007 1656 nam:
1021 1597 1165 1671 privilegii
1176 1597 1289 1670 pagina
1305 1597 1346 1653 ite
1357 1600 1403 1652 est
1416 1596 1590 1653 continens:

33 1683 475 1758 quodsueobtinuitpotestuti.
486 1686 768 1761 litindeprccedeus
774 1699 865 1758 super
955 1689 1014 1743 clu
1027 1687 1150 1744 nomine
1162 1687 1278 1744 bomini
1293 1685 1344 1742 Dei
1358 1685 1520 1743 salvatoris
1545 1685 1647 1742 eterni
1678 1686 1748 1742 lesu

33 1771 186 1830 civitatem
199 1773 667 1833 comitisltiocerdicursuvolucri
683 1772 862 1847 properavit,
878 1806 902 1865 Β
918 1777 1025 1835 Christi
1039 1776 1217 1833 :Dominicis
1227 1774 1442 1832 incarnationis
1450 1789 1531 1831 anno
1552 1778 1629 1840 tm,
1645 1789 1748 1831 mense

35 1878 130 1936 quam
145 1861 301 1919 comesille
313 1863 467 1920 dimittens
476 1865 516 1921 sd
528 1866 637 1921 ducem
648 1862 784 1937 coniugii
796 1861 865 1918 ilai·
918 1866 1078 1924 tiovembri
1087 1866 1190 1939 prime
1199 1864 1381 1921 indictionis:
1398 1865 1459 1933 ugo
1468 1863 1612 1934 Rogerius
1622 1863 1747 1935 Deigra·

33 1949 197 2023 nulphum;
213 1948 317 2023 sicque
329 1951 566 2010 civitatemillam
581 1951 792 2010 sueroluutnti
803 1949 866 2007 elli·
919 1956 959 2013 tia
967 1954 1073 2012 Sicilie
1087 1954 1177 2011 ltalie
1191 1970 1254 2020 rex,
1267 1953 1501 2010 Christianorum
1515 1953 1637 2025 adjutor
1650 1958 1679 2009 et
1690 1951 1749 2025 oly-

34 2040 125 2109 gavit.
140 2038 212 2096 lude
222 2045 355 2097 montem
371 2041 532 2098 Corvinum
543 2042 665 2115 capiens
676 2043 708 2099 io
721 2055 773 2098 cre
785 2039 863 2112 iguis
918 2060 1001 2118 psus,
1018 2044 1134 2115 [rogerii
1146 2043 1234 2117 primi
1250 2042 1367 2100 comitis
1376 2040 1455 2096 filius
1482 2056 1489 2095 ε
1505 2041 1622 2113 Regalis
1649 2041 1749 2098 Excel-

34 2132 65 2184 θῑ
79 2127 171 2196 ilidii
180 2127 254 2184 illud
264 2130 399 2186 consumi
414 2130 565 2204 proeoepiis
578 2130 711 2203 etspolie
720 2130 785 2202 eius
794 2127 867 2186 diri·
917 2133 1016 2190 lentie
1026 2137 1135 2190 nostre
1150 2147 1350 2205 provocamur
1359 2129 1533 2187 liberalitate
1543 2129 1678 2186 fidelibus
1695 2145 1749 2186 no·

36 2217 112 2289 puit.
129 2219 192 2273 ltux
203 2215 865 2290 igiturRaiuulpbusmemoratusaudieusre·
918 2223 1142 2296 stristanquam
1155 2221 1291 2278 danobis
1305 2221 1382 2278 bene
1410 2219 1576 2294 promeritis
1604 2218 1748 2278 beneficia

37 2305 253 2376 gemiliumob
268 2305 865 2381 ejuscontusionemsputiamfuissem·
918 2311 1054 2385 ampliori
1070 2326 1161 2367 manu
1172 2309 1281 2367 debere
1295 2309 1481 2382 impendere,
1504 2312 1537 2364 ut
1557 2324 1618 2365 non
1649 2307 1748 2365 solum

35 2409 184 2463 gressum,
199 2399 228 2451 et
240 2394 303 2467 ojus
323 2395 541 2454 desolationem
564 2397 698 2470 quotidie
725 2401 862 2462 tractare,
917 2399 1267 2465 fideliorssiuvenientur‚
1275 2400 1328 2455 sed
1336 2404 1367 2454 ut
1379 2397 1476 2457 ceteri
1485 2413 1539 2471 spe
1548 2396 1749 2454 retributionis

35 2484 193 2539 Bdlflflieffl
218 2482 366 2555 populum
380 2490 409 2541 fit
434 2486 628 2552 Tfassesswm.
652 2486 813 2557 Troianum
836 2487 865 2540 ei
918 2490 1015 2562 adjuti
1029 2490 1058 2546 in
1073 2494 1175 2546 nostro
1201 2487 1319 2545 servitio
1340 2489 1540 2561 promptiores
1562 2486 1744 2545 habeantur.

35 2570 261 2642 Melpbieusem‚
273 2572 387 2629 etmille
398 2574 575 2647 quingentos
583 2574 688 2631 milites
698 2588 864 2644 congrege·
919 2575 1748 2651 licpropter,venerabilisBeneventnneRcssemanuear-

35 2660 78 2715 Vii
93 2657 248 2716 affirmans
262 2661 345 2733 psius
360 2663 449 2720 morli
463 2663 539 2720 velle
550 2663 755 2726 succumbere,
770 2675 863 2735 quam
918 2668 1115 2740 chiepiscope,
1123 2666 1295 2739 quisemper
1306 2665 1337 2722 in
1351 2666 1493 2722 omuibus
1501 2665 1594 2722 fidelis
1602 2665 1744 2732 exstitisti,

33 2749 129 2806 iiiam
143 2748 420 2818 duoeffltssfeh'oem,
436 2759 465 2809 el
482 2752 575 2810 taliter
585 2753 648 2810 dux
671 2751 721 2810 ille
741 2755 864 2825 paratus
919 2756 1111 2831 petitionibus
1121 2757 1189 2825 tuis,
1200 2760 1228 2812 et
1236 2754 1378 2811 bernardi
1392 2754 1588 2811 Beneventani
1601 2758 1748 2810 comesta-

36 2839 385 2910 propercgisexercitum
394 2840 864 2899 adivit.lutereaabbasdeClare·
918 2846 992 2911 buti,
1005 2850 1033 2903 st
1041 2848 1314 2901 beneventanorum
1322 2843 1472 2915 judicum,
1484 2842 1672 2915 aliorumque
1686 2841 1749 2914 plu·

34 2925 125 2991 valle,
141 2926 432 2986 virveldemirebilis
445 2936 473 2987 et
486 2932 642 2999 discretus,
656 2947 708 3004 qur
720 2930 757 2987 ad
767 2946 865 3001 regem
918 2934 1065 2991 rimorum
1078 2931 1370 2988 civiumclementius
1394 2935 1570 2996 annuentes,
1593 2931 1667 3003 quia
1694 2945 1749 2986 ros

36 3014 863 3092 illumveneratprotantidissidiiinlestationesedanda,
919 3039 1038 3097 semper
1050 3025 1169 3079 nostros
1182 3019 1286 3078 fideles
1296 3020 1409 3093 experti
1431 3036 1547 3082 sumus,
1558 3035 1613 3093 pro
1645 3032 1749 3076 amore

33 3104 112 3163 iuter
123 3120 225 3176 regem
236 3107 319 3165 iilum
334 3116 363 3166 et
377 3109 486 3167 ducem
500 3112 583 3184 pacis
602 3111 717 3168 loedera
742 3110 864 3182 alligare
920 3113 1036 3172 summi
1044 3113 1140 3182 Regis,
1152 3126 1302 3184 perquem
1318 3109 1519 3175 subsistimus,
1535 3115 1564 3165 st
1577 3123 1749 3179 regnamus,

36 3201 164 3251 conetur
174 3214 183 3267 ;
194 3196 247 3253 sed
260 3199 862 3274 promultisvariisquenegctiisqueinter
880 3170 904 3230 c
920 3202 1058 3255 elamore
1067 3194 1245 3253 attidelitcte
1255 3199 1364 3261 vestra,
1375 3210 1464 3266 quam
1475 3194 1506 3250 in
1516 3193 1604 3251 nobis
1621 3191 1750 3259 habetis,

33 3298 88 3341 ecs
101 3285 318 3357 querebantur,
333 3288 414 3362 apud
437 3289 600 3347 Seivatcris
623 3291 674 3347 bei
699 3290 865 3363 potentiam
919 3291 948 3345 et
957 3287 989 3344 in
999 3293 1087 3344 antea
1094 3284 1225 3343 habituri
1236 3284 1314 3348 estis,
1327 3282 1495 3340 dimittimus
1505 3288 1534 3340 et
1548 3281 1752 3340 condonamus

35 3373 866 3453 nondumcomplacuitconcordlanlligari.Quidplurat
919 3376 1006 3436 vobis
1017 3391 1054 3432 ee
1063 3374 1176 3439 omnia,
1187 3389 1256 3447 que
1268 3388 1323 3429 uos
1342 3378 1372 3430 et
1393 3372 1630 3446 predecessores
1659 3368 1752 3428 nostri

37 3462 175 3535 Rexipse
192 3466 354 3524 exercitum
368 3484 455 3524 suum
467 3468 578 3534 divisit,
599 3469 673 3526 etad
694 3467 866 3526 bellandum
920 3463 1081 3525 licrmandi
1089 3463 1168 3520 circa
1177 3465 1413 3519 Beneventanum
1421 3460 1751 3525 civitstsmbebucrunt,

37 3551 125 3608 illum
138 3551 256 3611 viriliter
268 3554 419 3624 stabilivit,
432 3557 567 3614 similiter
576 3562 606 3615 et
627 3559 690 3615 dux
714 3558 763 3615 ille
793 3574 867 3616 suos
920 3548 1750 3624 fidentiassubscriptas,videlicetdenaricrumredditus,

38 3656 146 3698 omncs
163 3643 314 3715 sapienter
331 3645 487 3714 ordinavit,
500 3647 636 3705 Primum
651 3647 770 3720 quidem
790 3646 868 3719 regis
923 3645 1036 3703 salutes
1050 3641 1201 3712 angarias,
1214 3640 1396 3706 terraticum,
1421 3639 1616 3700 herbaticum,
1626 3635 1752 3695 carneti

39 3731 123 3789 ecies
138 3732 274 3791 ordinata
287 3736 466 3805 aggreditur,
480 3740 509 3793 ct
528 3736 604 3794 inter
630 3736 715 3793 ducis
736 3742 868 3795 armatos
923 3728 1255 3799 commendatione,
1269 3729 1382 3795 vinum,
1398 3727 1504 3794 olivas,
1530 3728 1671 3793 relevum,
1698 3739 1752 3799 pc-

39 3819 171 3878 intravit.
185 3820 263 3881 lllico
279 3823 503 3895 eciesiliarcgis
518 3825 723 3897 prosternitur.
744 3828 804 3883 Rex
820 3842 870 3882 au·
924 3827 1036 3879 etremo
1054 3833 1161 3876 omnes
1183 3816 1257 3874 elios
1282 3817 1450 3874 erectiones
1471 3821 1534 3873 tam
1555 3814 1751 3872 ecclesiarum

39 3910 176 3982 tem,qui
191 3926 258 3968 cum
272 3912 338 3969 aliis
351 3913 471 3970 aciebus
481 3914 543 3970 suis
555 3914 680 3971 armatis
693 3914 799 3980 iuerat,
818 3913 870 3972 Dei
923 3925 1018 3985 quam
1032 3907 1192 3973 civiumtei
1206 3905 1310 3962 Omnia
1329 3905 1471 3978 Pl'ffldiflii
1489 3911 1516 3962 ⁰¹
1546 3901 1752 3977 90⁸³⁰⁸⁸i0110⁸

39 3997 216 4057 edvsuieute
226 3999 350 4072 judicic.
361 4004 466 4060 timore
481 4002 635 4075 perculsus
645 4003 712 4076 ipse
745 4002 870 4075 primum
922 4000 1034 4057 liberae
1046 3997 1183 4066 iacimus,
1198 3994 1360 4067 etquictas,
1372 3993 1572 4068 undecunque
1584 3991 1696 4068 aliquid
1704 4008 1752 4050 ec-

42 4092 127 4157 terge
141 4091 258 4145 vertens
269 4090 300 4146 iu
316 4090 419 4164 lugam
433 4107 598 4149 conversus
613 4096 658 4149 est
682 4091 784 4167 sieque
803 4092 870 4149 uui·
924 4090 1022 4163 cipere
1029 4083 1393 4156 solitisumusutquondiu
1406 4083 1437 4140 in
1446 4089 1547 4142 nostra
1560 4080 1753 4157 permanseri·

38 4176 418 4251 verseregiscongregetio
439 4197 529 4238 cursu
552 4179 697 4255 precipiti
725 4181 868 4253 coniugii,
924 4179 960 4237 tis
975 4173 1513 4241 fidelitate,etnostrorumheredum,
1530 4170 1753 4245 liberietquieti

39 4263 323 4323 dimissisomnibus
337 4269 832 4344 divitiarumsuarumspparatibus
842 4275 870 4329 et
924 4284 987 4331 ros,
1003 4263 1133 4322 sivestri
1148 4260 1282 4320 heredes
1295 4260 1335 4317 ab
1355 4260 1684 4334 omnibussupradictis
1694 4275 1753 4317 ure·

42 4352 188 4420 tentoriis,
202 4357 278 4423 auri,
311 4358 487 4431 argentique
509 4358 715 4429 magnitudine
742 4356 868 4423 infinita,
923 4356 1066 4421 neatis,et
1077 4355 1108 4410 in
1122 4351 1225 4409 verbis
1234 4350 1334 4423 predii
1347 4352 1489 4418 venandi,
1505 4349 1651 4423 piscandi,
1661 4364 1752 4407 aucu-

40 4456 173 4514 quorum
183 4442 435 4520 numerarecopia
445 4454 556 4505 nonest
570 4448 713 4506 humane
725 4446 867 4505 scientie.
923 4444 1018 4519 pandi
1037 4442 1163 4499 liberam
1194 4438 1369 4496 fucultatem
1388 4439 1533 4506 habeatis,
1545 4445 1573 4496 et
1585 4443 1618 4496 ut
1629 4438 1751 4496 tirmiter

42 4529 121 4598 Quid
134 4531 229 4591 multa
242 4533 257 4589 ‘i
270 4535 335 4592 Dux
344 4536 392 4593 ille
406 4537 499 4593 victor
508 4535 631 4594 effectus
645 4538 682 4594 de
698 4538 775 4607 regis
789 4552 869 4593 exer·
885 4532 908 4592 u
923 4535 981 4591 hcc
996 4540 1093 4591 tenere
1103 4529 1226 4588 valeatis
1237 4527 1427 4601 privilegium
1445 4528 1525 4586 istud
1551 4526 1648 4600 sigillo
1659 4542 1750 4586 aureo

43 4619 102 4676 citu
117 4623 354 4694 comprehendit,
364 4625 797 4700 ctcccidit,omnemqueillem
807 4640 870 4682 rna·
922 4628 1026 4682 nostro
1041 4620 1152 4693 signari
1165 4617 1292 4674 fecimus
1304 4616 1425 4691 :Siqua
1441 4634 1513 4676 vero
1521 4634 1659 4691 persone,
1670 4616 1752 4691 quod

42 4708 241 4781 guitudinem,
266 4712 444 4788 divitiusque
465 4718 526 4771 tem
546 4715 618 4788 ipse,
633 4731 727 4788 quem
740 4714 869 4787 populus
924 4713 1011 4780 absit,
1028 4725 1140 4782 magna
1150 4706 1321 4776 humilisve,
1332 4708 1541 4781 hujusnostre
1550 4707 1751 4765 concessionis

44 4797 398 4873 BerensisetTraneusis,
413 4804 570 4877 ceterique
583 4820 658 4878 quos
667 4803 870 4877 rogavereted
923 4801 1069 4876 peginam
1083 4800 1114 4856 in
1128 4798 1227 4870 eliquo
1239 4794 1349 4853 violare
1359 4798 1589 4871 presumpserit,
1598 4796 1704 4869 viginti
1718 4796 1753 4853 li·

44 4886 342 4963 proprialocupleteti
353 4892 530 4950 detulerunt.
541 4892 714 4961 iriemillia,
728 4892 805 4950 sicut
817 4908 870 4949 eu·
923 4891 995 4949 bras
1005 4890 1070 4948 euri
1082 4885 1234 4963 purissimi
1246 4883 1277 4940 in
1296 4885 1502 4944 misericordia
1521 4890 1625 4944 nostra
1640 4884 1752 4959 petatio

43 4973 869 5054 divimusbcminurniubellomortuasuntlbi.Sergius,
923 4985 1027 5037 nostro
1050 4979 1214 5050 componat,
1238 4989 1428 5049 pressusque
1449 4974 1641 5049 privilegium
1662 4974 1753 5030 robur

44 5063 181 5134 magister
192 5066 311 5124 militum
319 5069 518 5142 Neapolitanae
527 5069 804 5139 civitatis,mortuus
814 5073 868 5126 est:
925 5068 1085 5143 pristinum
1100 5068 1241 5125 obtineat.
1254 5066 1389 5139 Athujus
1396 5064 1599 5122 concessionis
1610 5063 1754 5136 judicium

43 5150 85 5207 ibi
96 5153 222 5211 Eternus
233 5155 270 5213 de
282 5158 474 5222 Mouteiusco,
485 5158 706 5216 etGirerdusde
718 5157 869 5224 anuliuo,
924 5174 979 5232 per
988 5174 1094 5215 manus
1102 5157 1219 5215 Henrici
1228 5158 1320 5216 nostri
1329 5155 1436 5213 notarii
1450 5153 1539 5212 scribi
1547 5154 1753 5227 precepimus,

42 5245 72 5300 et
86 5243 598 5321 SarolusdelcTuio,etcomplures,
607 5246 871 5321 quorumnomiuu
926 5246 1285 5316 etbullcaureciusiguiri,
1295 5243 1723 5317 Anncrsgnincslriseptimc.
1737 5262 1752 5296 s

42 5333 583 5407 prodiliioultatcnumsraudisilentio
591 5337 723 5406 tegimus.
737 5335 871 5392 secundo
961 5338 1095 5411 Cumque
1103 5336 1355 5409 privilegiumboc
1364 5350 1465 5392 coram
1480 5336 1755 5391 beneventanorum

43 5437 114 5479 vero
128 5422 176 5479 die
189 5427 286 5481 steutc
299 5423 409 5481 mensis
425 5424 558 5483 Octobris
577 5425 688 5482 bellum
702 5424 760 5483 boc
776 5430 872 5481 actum
927 5424 1120 5483 coelulectum
1129 5431 1217 5492 esset,
1228 5424 1287 5480 Deo
1300 5422 1445 5482 Salvctcri
1456 5423 1602 5489 omnium,
1618 5421 1756 5495 prefato·

45 5517 99 5570 est.
114 5514 173 5568 ilex
193 5512 294 5586 itaque
312 5516 485 5570 nominatus
499 5514 595 5572 taliter
609 5531 679 5571 cum
694 5513 872 5587 sequacibus
926 5530 987 5587 que
998 5513 1069 5584 regi,
1083 5513 1183 5585 etjam
1198 5512 1279 5571 dicto
1293 5511 1416 5570 antistiti
1424 5513 1535 5584 gratias
1545 5508 1755 5583 egimusque

48 5599 110 5658 suis
119 5600 381 5674 emugiensnoctis
390 5606 532 5676 tempore,
546 5602 825 5677 alteraquidemdie
834 5601 873 5661 ad
927 5602 1010 5677 quod
1024 5602 1073 5660 avi
1083 5606 1112 5660 et
1122 5607 1224 5676 patres
1237 5602 1331 5661 nostri
1353 5600 1519 5660 videreucu
1533 5602 1703 5673 potuertmt,
1720 5595 1754 5655 li·
