<?xml version="1.0" encoding="UTF-8"?>
<!DOCTYPE html PUBLIC "-//W3C//DTD XHTML 1.0 Transitional//EN"
    "http://www.w3.org/TR/xhtml1/DTD/xhtml1-transitional.dtd">
<html xmlns="http://www.w3.org/1999/xhtml" xml:lang="en" lang="en">
 <head>
  <title>
</title>
<meta http-equiv="Content-Type" content="text/html;charset=utf-8" />
  <meta name='ocr-system' content='tesseract 3.04.00' />
  <meta name='ocr-capabilities' content='ocr_page ocr_carea ocr_par ocr_line ocrx_word'/>
</head>
<body>
  <div class='ocr_page' id='page_1' title='image "./patrologiaecurs160unkngoog/patrologiaecurs160unkngoog_0207.png"; bbox 0 0 3884 6050; ppageno 0'>
   <div class='ocr_carea' id='block_1_1' title="bbox 40 286 1756 356">
    <p class='ocr_par' dir='ltr' id='par_1_1' title="bbox 40 286 1756 356">
     <span class='ocr_line' id='line_1_1' title="bbox 40 286 1756 356; baseline -0.001 0"><span class='ocrx_word' id='word_1_1' title='bbox 40 299 98 356; x_wconf 80' lang='lat'><strong>37⁷</strong></span> <span class='ocrx_word' id='word_1_2' title='bbox 402 292 517 350; x_wconf 74' lang='lat' dir='ltr'><strong>Gustu</strong></span> <span class='ocrx_word' id='word_1_3' title='bbox 537 294 616 351; x_wconf 81' lang='lat' dir='ltr'>ABB.</span> <span class='ocrx_word' id='word_1_4' title='bbox 636 286 793 353; x_wconf 73' lang='lat' dir='ltr'><strong>TRUDON·</strong></span> <span class='ocrx_word' id='word_1_5' title='bbox 814 321 849 336; x_wconf 87' lang='lat'>-</span> <span class='ocrx_word' id='word_1_6' title='bbox 867 286 1109 350; x_wconf 66' lang='lat' dir='ltr'><strong>continuante</strong></span> <span class='ocrx_word' id='word_1_7' title='bbox 1127 294 1174 350; x_wconf 85' lang='lat' dir='ltr'><strong>lli.</strong></span> <span class='ocrx_word' id='word_1_8' title='bbox 1196 326 1231 337; x_wconf 90' lang='lat'><em>-</em></span> <span class='ocrx_word' id='word_1_9' title='bbox 1250 296 1342 353; x_wconf 74' lang='lat' dir='ltr'><strong>PARS</strong></span> <span class='ocrx_word' id='word_1_10' title='bbox 1362 295 1398 352; x_wconf 87' lang='lat' dir='ltr'><strong>tt.</strong></span> <span class='ocrx_word' id='word_1_11' title='bbox 1702 294 1756 355; x_wconf 80' lang='lat'><strong>³78</strong></span> 
     </span>
    </p>
   </div>
   <div class='ocr_carea' id='block_1_2' title="bbox 37 414 1756 673">
    <p class='ocr_par' dir='ltr' id='par_1_2' title="bbox 37 414 1756 673">
     <span class='ocr_line' id='line_1_2' title="bbox 38 414 1755 494; baseline -0.001 -14"><span class='ocrx_word' id='word_1_12' title='bbox 38 420 246 480; x_wconf 72' lang='lat' dir='ltr'><strong>{luminitate</strong></span> <span class='ocrx_word' id='word_1_13' title='bbox 262 419 346 491; x_wconf 76' lang='lat' dir='ltr'><strong>(fib),</strong></span> <span class='ocrx_word' id='word_1_14' title='bbox 367 417 398 474; x_wconf 90' lang='lat' dir='ltr'><strong>iu</strong></span> <span class='ocrx_word' id='word_1_15' title='bbox 413 417 546 475; x_wconf 88' lang='lat' dir='ltr'><strong>crastino</strong></span> <span class='ocrx_word' id='word_1_16' title='bbox 562 416 762 476; x_wconf 76' lang='lat' dir='ltr'><strong>bartholomei</strong></span> <span class='ocrx_word' id='word_1_17' title='bbox 779 416 873 490; x_wconf 81' lang='lat' dir='ltr'><strong>(dag.</strong></span> <span class='ocrx_word' id='word_1_18' title='bbox 888 415 912 469; x_wconf 84' lang='grc' dir='ltr'><strong>Α</strong></span> <span class='ocrx_word' id='word_1_19' title='bbox 927 419 956 472; x_wconf 90' lang='lat' dir='ltr'><strong>ct</strong></span> <span class='ocrx_word' id='word_1_20' title='bbox 969 414 1144 488; x_wconf 87' lang='lat' dir='ltr'><strong>episcopum</strong></span> <span class='ocrx_word' id='word_1_21' title='bbox 1156 417 1269 476; x_wconf 80' lang='lat' dir='ltr'>ibidem</span> <span class='ocrx_word' id='word_1_22' title='bbox 1284 418 1427 477; x_wconf 86' lang='lat' dir='ltr'><strong>foverent.</strong></span> <span class='ocrx_word' id='word_1_23' title='bbox 1435 418 1558 494; x_wconf 86' lang='lat' dir='ltr'><strong>Propter</strong></span> <span class='ocrx_word' id='word_1_24' title='bbox 1566 420 1649 494; x_wconf 83' lang='lat' dir='ltr'><strong>quod</strong></span> <span class='ocrx_word' id='word_1_25' title='bbox 1661 421 1755 479; x_wconf 88' lang='lat' dir='ltr'><strong>literis</strong></span> 
     </span>
     <span class='ocr_line' id='line_1_3' title="bbox 37 501 1755 593; baseline -0.001 -26"><span class='ocrx_word' id='word_1_26' title='bbox 37 513 87 582; x_wconf 75' lang='lat'><strong>25)</strong></span> <span class='ocrx_word' id='word_1_27' title='bbox 102 508 266 584; x_wconf 85' lang='lat' dir='ltr'><strong>progenies</strong></span> <span class='ocrx_word' id='word_1_28' title='bbox 281 507 319 564; x_wconf 91' lang='lat' dir='ltr'><strong>de</strong></span> <span class='ocrx_word' id='word_1_29' title='bbox 334 506 537 593; x_wconf 82' lang='lat' dir='ltr'><strong>Waroiscum</strong></span> <span class='ocrx_word' id='word_1_30' title='bbox 551 506 673 565; x_wconf 90' lang='lat' dir='ltr'><strong>natione</strong></span> <span class='ocrx_word' id='word_1_31' title='bbox 687 507 726 564; x_wconf 95' lang='lat' dir='ltr'><strong>de</strong></span> <span class='ocrx_word' id='word_1_32' title='bbox 739 505 874 565; x_wconf 87' lang='lat' dir='ltr'><strong>Werfen·</strong></span> <span class='ocrx_word' id='word_1_33' title='bbox 928 501 1049 577; x_wconf 88' lang='lat' dir='ltr'><strong>prefatis</strong></span> <span class='ocrx_word' id='word_1_34' title='bbox 1071 506 1176 581; x_wconf 87' lang='lat' dir='ltr'><strong>ruptis,</strong></span> <span class='ocrx_word' id='word_1_35' title='bbox 1206 507 1384 566; x_wconf 78' lang='lat' dir='ltr'><strong>leodienses</strong></span> <span class='ocrx_word' id='word_1_36' title='bbox 1398 506 1523 583; x_wconf 89' lang='lat' dir='ltr'><strong>cpidum</strong></span> <span class='ocrx_word' id='word_1_37' title='bbox 1548 509 1671 567; x_wconf 85' lang='lat' dir='ltr'><strong>ficiensa</strong></span> <span class='ocrx_word' id='word_1_38' title='bbox 1681 508 1755 567; x_wconf 87' lang='lat' dir='ltr'><strong>defl-</strong></span> 
     </span>
     <span class='ocr_line' id='line_1_4' title="bbox 38 592 1756 673; baseline -0.001 -15"><span class='ocrx_word' id='word_1_39' title='bbox 38 599 126 673; x_wconf 89' lang='lat' dir='ltr'><strong>gaias</strong></span> <span class='ocrx_word' id='word_1_40' title='bbox 133 599 298 658; x_wconf 85' lang='lat' dir='ltr'><strong>stellarum</strong></span> <span class='ocrx_word' id='word_1_41' title='bbox 306 596 464 655; x_wconf 90' lang='lat' dir='ltr'><strong>nationum</strong></span> <span class='ocrx_word' id='word_1_42' title='bbox 472 595 872 669; x_wconf 83' lang='lat' dir='ltr'><strong>multitudiueexunaparte‚</strong></span> <span class='ocrx_word' id='word_1_43' title='bbox 927 592 1011 651; x_wconf 84' lang='lat' dir='ltr'><strong>daut.</strong></span> <span class='ocrx_word' id='word_1_44' title='bbox 1041 596 1132 652; x_wconf 78' lang='lat' dir='ltr'><strong>incid.</strong></span> <span class='ocrx_word' id='word_1_45' title='bbox 1148 596 1260 654; x_wconf 76' lang='lat' dir='ltr'><strong>Eodem</strong></span> <span class='ocrx_word' id='word_1_46' title='bbox 1289 612 1381 663; x_wconf 90' lang='lat' dir='ltr'><strong>anno,</strong></span> <span class='ocrx_word' id='word_1_47' title='bbox 1394 597 1486 655; x_wconf 87' lang='lat' dir='ltr'><strong>tercia</strong></span> <span class='ocrx_word' id='word_1_48' title='bbox 1500 596 1618 655; x_wconf 89' lang='lat' dir='ltr'><strong>dierum</strong></span> <span class='ocrx_word' id='word_1_49' title='bbox 1633 598 1756 671; x_wconf 88' lang='lat' dir='ltr'><strong>pcntbe·</strong></span> 
     </span>
    </p>
   </div>
   <div class='ocr_carea' id='block_1_3' title="bbox 37 682 1759 5116">
    <p class='ocr_par' dir='ltr' id='par_1_3' title="bbox 37 682 1759 5116">
     <span class='ocr_line' id='line_1_5' title="bbox 39 682 1754 763; baseline -0.002 -16"><span class='ocrx_word' id='word_1_50' title='bbox 39 696 69 747; x_wconf 87' lang='lat' dir='ltr'><strong>et</strong></span> <span class='ocrx_word' id='word_1_51' title='bbox 82 686 251 763; x_wconf 88' lang='lat' dir='ltr'><strong>progenies</strong></span> <span class='ocrx_word' id='word_1_52' title='bbox 265 685 302 744; x_wconf 90' lang='lat' dir='ltr'><strong>de</strong></span> <span class='ocrx_word' id='word_1_53' title='bbox 314 692 424 745; x_wconf 77' lang='lat' dir='ltr'><strong>Awana</strong></span> <span class='ocrx_word' id='word_1_54' title='bbox 437 701 509 743; x_wconf 91' lang='lat' dir='ltr'><strong>oum</strong></span> <span class='ocrx_word' id='word_1_55' title='bbox 522 686 734 745; x_wconf 86' lang='lat' dir='ltr'><strong>casteilauode</strong></span> <span class='ocrx_word' id='word_1_56' title='bbox 747 685 873 742; x_wconf 88' lang='lat' dir='ltr'><strong>Warum</strong></span> <span class='ocrx_word' id='word_1_57' title='bbox 927 685 1042 750; x_wconf 88' lang='lat' dir='ltr'><strong>costen,</strong></span> <span class='ocrx_word' id='word_1_58' title='bbox 1058 682 1169 742; x_wconf 78' lang='lat' dir='ltr'><strong>scilimt</strong></span> <span class='ocrx_word' id='word_1_59' title='bbox 1184 689 1212 742; x_wconf 88' lang='lat' dir='ltr'><strong>tt</strong></span> <span class='ocrx_word' id='word_1_60' title='bbox 1226 684 1353 744; x_wconf 82' lang='lat' dir='ltr'><strong>Kalend.</strong></span> <span class='ocrx_word' id='word_1_61' title='bbox 1368 686 1384 741; x_wconf 84' lang='lat' dir='ltr'>J</span> <span class='ocrx_word' id='word_1_62' title='bbox 1387 685 1459 751; x_wconf 87' lang='lat' dir='ltr'><strong>unii,</strong></span> <span class='ocrx_word' id='word_1_63' title='bbox 1473 685 1665 757; x_wconf 75' lang='lat' dir='ltr'><strong>bandinum,</strong></span> <span class='ocrx_word' id='word_1_64' title='bbox 1676 686 1754 743; x_wconf 79' lang='lat' dir='ltr'><strong>Tou·</strong></span> 
     </span>
     <span class='ocr_line' id='line_1_6' title="bbox 38 771 1758 843; baseline -0.002 -9"><span class='ocrx_word' id='word_1_65' title='bbox 38 782 69 836; x_wconf 83' lang='lat' dir='ltr'><strong>et</strong></span> <span class='ocrx_word' id='word_1_66' title='bbox 83 778 212 836; x_wconf 74' lang='lat' dir='ltr'><strong>cadone</strong></span> <span class='ocrx_word' id='word_1_67' title='bbox 224 775 262 832; x_wconf 91' lang='lat' dir='ltr'><strong>da</strong></span> <span class='ocrx_word' id='word_1_68' title='bbox 271 774 365 833; x_wconf 85' lang='lat' dir='ltr'><strong>iianei</strong></span> <span class='ocrx_word' id='word_1_69' title='bbox 375 789 446 832; x_wconf 93' lang='lat' dir='ltr'><strong>cum</strong></span> <span class='ocrx_word' id='word_1_70' title='bbox 454 775 560 834; x_wconf 88' lang='lat' dir='ltr'><strong>ceteris</strong></span> <span class='ocrx_word' id='word_1_71' title='bbox 576 775 640 832; x_wconf 90' lang='lat' dir='ltr'><strong>suis</strong></span> <span class='ocrx_word' id='word_1_72' title='bbox 651 773 821 833; x_wconf 72' lang='lat' dir='ltr'><strong>fautoribus</strong></span> <span class='ocrx_word' id='word_1_73' title='bbox 837 788 874 831; x_wconf 87' lang='lat' dir='ltr'><strong>ex</strong></span> <span class='ocrx_word' id='word_1_74' title='bbox 929 777 1087 843; x_wconf 89' lang='lat' dir='ltr'><strong>greusaset</strong></span> <span class='ocrx_word' id='word_1_75' title='bbox 1097 771 1306 831; x_wconf 82' lang='lat' dir='ltr'><strong>frudonauses</strong></span> <span class='ocrx_word' id='word_1_76' title='bbox 1320 790 1390 832; x_wconf 94' lang='lat' dir='ltr'><strong>cum</strong></span> <span class='ocrx_word' id='word_1_77' title='bbox 1400 773 1465 832; x_wconf 92' lang='lat' dir='ltr'><strong>aliis</strong></span> <span class='ocrx_word' id='word_1_78' title='bbox 1475 773 1758 842; x_wconf 86' lang='lat' dir='ltr'><strong>confederati,simul</strong></span> 
     </span>
     <span class='ocr_line' id='line_1_7' title="bbox 37 860 1757 942; baseline -0.001 -19"><span class='ocrx_word' id='word_1_79' title='bbox 37 872 129 942; x_wconf 87' lang='lat' dir='ltr'><strong>parte</strong></span> <span class='ocrx_word' id='word_1_80' title='bbox 149 866 255 936; x_wconf 87' lang='lat' dir='ltr'><strong>altera,</strong></span> <span class='ocrx_word' id='word_1_81' title='bbox 274 868 482 922; x_wconf 89' lang='lat' dir='ltr'><strong>convenerunt</strong></span> <span class='ocrx_word' id='word_1_82' title='bbox 505 863 589 937; x_wconf 87' lang='lat' dir='ltr'><strong>apud</strong></span> <span class='ocrx_word' id='word_1_83' title='bbox 604 862 814 922; x_wconf 79' lang='lat' dir='ltr'><strong>flammastiin.</strong></span> <span class='ocrx_word' id='word_1_84' title='bbox 830 861 874 921; x_wconf 94' lang='lat' dir='ltr'><strong>lbi</strong></span> <span class='ocrx_word' id='word_1_85' title='bbox 927 860 958 918; x_wconf 91' lang='lat' dir='ltr'><strong>in</strong></span> <span class='ocrx_word' id='word_1_86' title='bbox 972 860 1064 918; x_wconf 88' lang='lat' dir='ltr'><strong>armis</strong></span> <span class='ocrx_word' id='word_1_87' title='bbox 1077 862 1240 935; x_wconf 87' lang='lat' dir='ltr'><strong>congressi,</strong></span> <span class='ocrx_word' id='word_1_88' title='bbox 1248 866 1380 921; x_wconf 89' lang='lat' dir='ltr'><strong>castrum</strong></span> <span class='ocrx_word' id='word_1_89' title='bbox 1396 863 1757 935; x_wconf 66' lang='lat' dir='ltr'><strong>Egidiidacersodfoien·</strong></span> 
     </span>
     <span class='ocr_line' id='line_1_8' title="bbox 38 949 1755 1029; baseline -0.003 -14"><span class='ocrx_word' id='word_1_90' title='bbox 38 971 212 1029; x_wconf 83' lang='lat' dir='ltr'><strong>congresso</strong></span> <span class='ocrx_word' id='word_1_91' title='bbox 233 953 368 1029; x_wconf 88' lang='lat' dir='ltr'><strong>pedestri</strong></span> <span class='ocrx_word' id='word_1_92' title='bbox 380 954 461 1013; x_wconf 91' lang='lat' dir='ltr'><strong>bello</strong></span> <span class='ocrx_word' id='word_1_93' title='bbox 479 953 619 1011; x_wconf 75' lang='lat' dir='ltr'><strong>atrociter</strong></span> <span class='ocrx_word' id='word_1_94' title='bbox 642 952 803 1026; x_wconf 88' lang='lat' dir='ltr'><strong>preliatum</strong></span> <span class='ocrx_word' id='word_1_95' title='bbox 818 959 872 1019; x_wconf 88' lang='lat' dir='ltr'><strong>cst,</strong></span> <span class='ocrx_word' id='word_1_96' title='bbox 928 949 969 1006; x_wconf 82' lang='lat' dir='ltr'><strong>sis</strong></span> <span class='ocrx_word' id='word_1_97' title='bbox 985 950 1119 1025; x_wconf 89' lang='lat' dir='ltr'><strong>opidani,</strong></span> <span class='ocrx_word' id='word_1_98' title='bbox 1135 957 1281 1010; x_wconf 87' lang='lat' dir='ltr'><strong>evertunt.</strong></span> <span class='ocrx_word' id='word_1_99' title='bbox 1298 954 1331 1010; x_wconf 83' lang='lat' dir='ltr'><strong>lit</strong></span> <span class='ocrx_word' id='word_1_100' title='bbox 1358 953 1493 1026; x_wconf 73' lang='lat' dir='ltr'>sequenti</span> <span class='ocrx_word' id='word_1_101' title='bbox 1518 967 1608 1011; x_wconf 89' lang='lat' dir='ltr'><strong>mane</strong></span> <span class='ocrx_word' id='word_1_102' title='bbox 1623 951 1755 1010; x_wconf 88' lang='lat' dir='ltr'><strong>diluculo</strong></span> 
     </span>
     <span class='ocr_line' id='line_1_9' title="bbox 39 1040 1755 1114; baseline -0.003 -10"><span class='ocrx_word' id='word_1_103' title='bbox 39 1045 95 1104; x_wconf 89' lang='lat' dir='ltr'><strong>sed</strong></span> <span class='ocrx_word' id='word_1_104' title='bbox 108 1046 205 1103; x_wconf 88' lang='lat' dir='ltr'><strong>cessit</strong></span> <span class='ocrx_word' id='word_1_105' title='bbox 218 1043 343 1102; x_wconf 73' lang='lat' dir='ltr'><strong>tandm</strong></span> <span class='ocrx_word' id='word_1_106' title='bbox 355 1042 543 1102; x_wconf 86' lang='lat' dir='ltr'><strong>victoriaillis</strong></span> <span class='ocrx_word' id='word_1_107' title='bbox 553 1042 591 1101; x_wconf 90' lang='lat' dir='ltr'><strong>de</strong></span> <span class='ocrx_word' id='word_1_108' title='bbox 606 1045 715 1101; x_wconf 82' lang='lat' dir='ltr'><strong>Awana</strong></span> <span class='ocrx_word' id='word_1_109' title='bbox 723 1057 792 1101; x_wconf 90' lang='lat' dir='ltr'><strong>cum</strong></span> <span class='ocrx_word' id='word_1_110' title='bbox 800 1041 872 1107; x_wconf 87' lang='lat' dir='ltr'><strong>suis,</strong></span> <span class='ocrx_word' id='word_1_111' title='bbox 928 1040 1086 1113; x_wconf 76' lang='lat' dir='ltr'>progressi,</span> <span class='ocrx_word' id='word_1_112' title='bbox 1099 1040 1273 1099; x_wconf 87' lang='lat' dir='ltr'><strong>suburbana</strong></span> <span class='ocrx_word' id='word_1_113' title='bbox 1286 1042 1349 1099; x_wconf 86' lang='lat' dir='ltr'><strong>ifoii</strong></span> <span class='ocrx_word' id='word_1_114' title='bbox 1361 1042 1688 1114; x_wconf 85' lang='lat' dir='ltr'><strong>impetunt,sediucolis</strong></span> <span class='ocrx_word' id='word_1_115' title='bbox 1701 1042 1755 1099; x_wconf 92' lang='lat' dir='ltr'><strong>diu</strong></span> 
     </span>
     <span class='ocr_line' id='line_1_10' title="bbox 38 1127 1754 1206; baseline -0.003 -13"><span class='ocrx_word' id='word_1_116' title='bbox 38 1139 68 1193; x_wconf 90' lang='lat' dir='ltr'><strong>et</strong></span> <span class='ocrx_word' id='word_1_117' title='bbox 81 1132 260 1192; x_wconf 88' lang='lat' dir='ltr'><strong>ceciderunt</strong></span> <span class='ocrx_word' id='word_1_118' title='bbox 287 1148 324 1190; x_wconf 85' lang='lat' dir='ltr'><strong>ax</strong></span> <span class='ocrx_word' id='word_1_119' title='bbox 337 1137 422 1206; x_wconf 89' lang='lat' dir='ltr'><strong>parte</strong></span> <span class='ocrx_word' id='word_1_120' title='bbox 435 1132 565 1191; x_wconf 87' lang='lat' dir='ltr'><strong>adversa</strong></span> <span class='ocrx_word' id='word_1_121' title='bbox 589 1131 732 1190; x_wconf 86' lang='lat' dir='ltr'><strong>ilenricus</strong></span> <span class='ocrx_word' id='word_1_122' title='bbox 753 1132 791 1189; x_wconf 91' lang='lat' dir='ltr'><strong>de</strong></span> <span class='ocrx_word' id='word_1_123' title='bbox 803 1131 874 1188; x_wconf 88' lang='lat' dir='ltr'><strong>ller-</strong></span> <span class='ocrx_word' id='word_1_124' title='bbox 928 1127 1754 1203; x_wconf 85' lang='lat' dir='ltr'><strong>rebellantibus,opidumHolensainmultitudiuaarma·</strong></span> 
     </span>
     <span class='ocr_line' id='line_1_11' title="bbox 38 1218 1754 1289; baseline -0.002 -9"><span class='ocrx_word' id='word_1_125' title='bbox 38 1222 130 1289; x_wconf 87' lang='lat' dir='ltr'><strong>male,</strong></span> <span class='ocrx_word' id='word_1_126' title='bbox 146 1222 301 1280; x_wconf 81' lang='lat' dir='ltr'><strong>lohannes</strong></span> <span class='ocrx_word' id='word_1_127' title='bbox 324 1226 353 1280; x_wconf 88' lang='lat' dir='ltr'><strong>et</strong></span> <span class='ocrx_word' id='word_1_128' title='bbox 377 1219 523 1288; x_wconf 84' lang='lat' dir='ltr'><strong>Lendriis,</strong></span> <span class='ocrx_word' id='word_1_129' title='bbox 550 1221 703 1279; x_wconf 88' lang='lat' dir='ltr'><strong>lohannes</strong></span> <span class='ocrx_word' id='word_1_130' title='bbox 717 1220 755 1278; x_wconf 92' lang='lat' dir='ltr'><strong>de</strong></span> <span class='ocrx_word' id='word_1_131' title='bbox 770 1221 871 1287; x_wconf 84' lang='lat' dir='ltr'><strong>cervo,</strong></span> <span class='ocrx_word' id='word_1_132' title='bbox 928 1223 1027 1276; x_wconf 89' lang='lat' dir='ltr'><strong>iorum</strong></span> <span class='ocrx_word' id='word_1_133' title='bbox 1040 1218 1096 1276; x_wconf 88' lang='lat' dir='ltr'><strong>illis</strong></span> <span class='ocrx_word' id='word_1_134' title='bbox 1111 1219 1142 1277; x_wconf 90' lang='lat' dir='ltr'><strong>in</strong></span> <span class='ocrx_word' id='word_1_135' title='bbox 1154 1219 1300 1277; x_wconf 83' lang='lat' dir='ltr'><strong>auxilium</strong></span> <span class='ocrx_word' id='word_1_136' title='bbox 1314 1221 1481 1286; x_wconf 84' lang='lat' dir='ltr'><strong>confluens,</strong></span> <span class='ocrx_word' id='word_1_137' title='bbox 1500 1226 1635 1279; x_wconf 81' lang='lat' dir='ltr'><strong>montem</strong></span> <span class='ocrx_word' id='word_1_138' title='bbox 1649 1220 1754 1279; x_wconf 86' lang='lat' dir='ltr'><strong>veteris</strong></span> 
     </span>
     <span class='ocr_line' id='line_1_12' title="bbox 40 1308 1754 1385; baseline -0.003 -15"><span class='ocrx_word' id='word_1_139' title='bbox 40 1312 224 1370; x_wconf 82' lang='lat' dir='ltr'><strong>Lambertus</strong></span> <span class='ocrx_word' id='word_1_140' title='bbox 247 1310 286 1367; x_wconf 88' lang='lat' dir='ltr'><strong>ds</strong></span> <span class='ocrx_word' id='word_1_141' title='bbox 302 1309 526 1376; x_wconf 78' lang='lat' dir='ltr'><strong>ilardvemout,</strong></span> <span class='ocrx_word' id='word_1_142' title='bbox 546 1309 699 1367; x_wconf 85' lang='lat' dir='ltr'><strong>lohannes</strong></span> <span class='ocrx_word' id='word_1_143' title='bbox 713 1308 821 1366; x_wconf 89' lang='lat' dir='ltr'><strong>Polens</strong></span> <span class='ocrx_word' id='word_1_144' title='bbox 835 1308 874 1365; x_wconf 93' lang='lat' dir='ltr'><strong>de</strong></span> <span class='ocrx_word' id='word_1_145' title='bbox 928 1308 1015 1366; x_wconf 88' lang='lat' dir='ltr'><strong>castri</strong></span> <span class='ocrx_word' id='word_1_146' title='bbox 1027 1314 1167 1383; x_wconf 90' lang='lat' dir='ltr'><strong>occupat,</strong></span> <span class='ocrx_word' id='word_1_147' title='bbox 1182 1314 1213 1367; x_wconf 93' lang='lat' dir='ltr'><strong>ut</strong></span> <span class='ocrx_word' id='word_1_148' title='bbox 1226 1309 1263 1366; x_wconf 91' lang='lat' dir='ltr'><strong>ab</strong></span> <span class='ocrx_word' id='word_1_149' title='bbox 1278 1309 1339 1367; x_wconf 89' lang='lat' dir='ltr'><strong>alto</strong></span> <span class='ocrx_word' id='word_1_150' title='bbox 1355 1309 1542 1368; x_wconf 82' lang='lat' dir='ltr'><strong>adversarios</strong></span> <span class='ocrx_word' id='word_1_151' title='bbox 1555 1309 1754 1385; x_wconf 77' lang='lat' dir='ltr'><strong>impetuosius</strong></span> 
     </span>
     <span class='ocr_line' id='line_1_13' title="bbox 40 1396 1756 1473; baseline -0.001 -16"><span class='ocrx_word' id='word_1_152' title='bbox 40 1399 175 1471; x_wconf 74' lang='lat' dir='ltr'><strong>warois,</strong></span> <span class='ocrx_word' id='word_1_153' title='bbox 190 1398 313 1457; x_wconf 86' lang='lat' dir='ltr'><strong>lleliuus</strong></span> <span class='ocrx_word' id='word_1_154' title='bbox 326 1397 364 1456; x_wconf 91' lang='lat' dir='ltr'><strong>de</strong></span> <span class='ocrx_word' id='word_1_155' title='bbox 393 1398 509 1456; x_wconf 76' lang='lat' dir='ltr'><strong>babens</strong></span> <span class='ocrx_word' id='word_1_156' title='bbox 523 1396 643 1462; x_wconf 87' lang='lat' dir='ltr'><strong>milites,</strong></span> <span class='ocrx_word' id='word_1_157' title='bbox 659 1402 687 1455; x_wconf 90' lang='lat' dir='ltr'><strong>et</strong></span> <span class='ocrx_word' id='word_1_158' title='bbox 699 1396 751 1455; x_wconf 89' lang='lat' dir='ltr'><strong>alii</strong></span> <span class='ocrx_word' id='word_1_159' title='bbox 768 1397 874 1470; x_wconf 92' lang='lat' dir='ltr'><strong>plures</strong></span> <span class='ocrx_word' id='word_1_160' title='bbox 927 1396 1086 1471; x_wconf 87' lang='lat' dir='ltr'><strong>opprimat.</strong></span> <span class='ocrx_word' id='word_1_161' title='bbox 1099 1397 1223 1455; x_wconf 88' lang='lat' dir='ltr'><strong>ibicum</strong></span> <span class='ocrx_word' id='word_1_162' title='bbox 1238 1400 1317 1457; x_wconf 85' lang='lat' dir='ltr'><strong>liaso</strong></span> <span class='ocrx_word' id='word_1_163' title='bbox 1326 1398 1364 1455; x_wconf 90' lang='lat' dir='ltr'><strong>de</strong></span> <span class='ocrx_word' id='word_1_164' title='bbox 1378 1399 1599 1467; x_wconf 80' lang='lat' dir='ltr'><strong>cantumerula,</strong></span> <span class='ocrx_word' id='word_1_165' title='bbox 1607 1398 1756 1473; x_wconf 87' lang='lat' dir='ltr'><strong>quiinter·</strong></span> 
     </span>
     <span class='ocr_line' id='line_1_14' title="bbox 40 1485 1756 1564; baseline 0.001 -18"><span class='ocrx_word' id='word_1_166' title='bbox 40 1487 131 1564; x_wconf 90' lang='lat' dir='ltr'><strong>probi</strong></span> <span class='ocrx_word' id='word_1_167' title='bbox 147 1487 187 1545; x_wconf 91' lang='lat' dir='ltr'><strong>de</strong></span> <span class='ocrx_word' id='word_1_168' title='bbox 206 1487 421 1561; x_wconf 69' lang='lat' dir='ltr'><strong>werfengeies,</strong></span> <span class='ocrx_word' id='word_1_169' title='bbox 438 1500 477 1544; x_wconf 83' lang='lat' dir='ltr'><strong>ex</strong></span> <span class='ocrx_word' id='word_1_170' title='bbox 489 1488 525 1526; x_wconf 73' lang='lat'><strong>¹⁸²</strong></span> <span class='ocrx_word' id='word_1_171' title='bbox 553 1487 658 1545; x_wconf 87' lang='lat' dir='ltr'><strong>ceteris</strong></span> <span class='ocrx_word' id='word_1_172' title='bbox 685 1485 874 1560; x_wconf 73' lang='lat' dir='ltr'><strong>progeniosis</strong></span> <span class='ocrx_word' id='word_1_173' title='bbox 928 1486 985 1544; x_wconf 88' lang='lat' dir='ltr'><strong>luit</strong></span> <span class='ocrx_word' id='word_1_174' title='bbox 996 1486 1049 1543; x_wconf 91' lang='lat' dir='ltr'><strong>ubi</strong></span> <span class='ocrx_word' id='word_1_175' title='bbox 1063 1502 1156 1560; x_wconf 85' lang='lat' dir='ltr'><strong>nuper</strong></span> <span class='ocrx_word' id='word_1_176' title='bbox 1175 1487 1405 1545; x_wconf 68' lang='lat' dir='ltr'><strong>ambassiatores</strong></span> <span class='ocrx_word' id='word_1_177' title='bbox 1417 1487 1626 1546; x_wconf 83' lang='lat' dir='ltr'><strong>Leodiensium</strong></span> <span class='ocrx_word' id='word_1_178' title='bbox 1650 1488 1691 1547; x_wconf 87' lang='lat' dir='ltr'><strong>ad</strong></span> <span class='ocrx_word' id='word_1_179' title='bbox 1705 1505 1756 1547; x_wconf 92' lang='lat' dir='ltr'><strong>cu·</strong></span> 
     </span>
     <span class='ocr_line' id='line_1_15' title="bbox 43 1573 1755 1653; baseline 0.001 -19"><span class='ocrx_word' id='word_1_180' title='bbox 43 1577 111 1653; x_wconf 88' lang='lat' dir='ltr'><strong>plus</strong></span> <span class='ocrx_word' id='word_1_181' title='bbox 128 1592 224 1651; x_wconf 87' lang='lat' dir='ltr'><strong>quam</strong></span> <span class='ocrx_word' id='word_1_182' title='bbox 234 1579 281 1643; x_wconf 79' lang='lat' dir='ltr'><strong>to,</strong></span> <span class='ocrx_word' id='word_1_183' title='bbox 297 1576 422 1651; x_wconf 84' lang='lat' dir='ltr'><strong>reliquis</strong></span> <span class='ocrx_word' id='word_1_184' title='bbox 435 1575 509 1649; x_wconf 89' lang='lat' dir='ltr'><strong>fuga</strong></span> <span class='ocrx_word' id='word_1_185' title='bbox 526 1575 632 1649; x_wconf 84' lang='lat' dir='ltr'><strong>lapsis.</strong></span> <span class='ocrx_word' id='word_1_186' title='bbox 648 1578 690 1633; x_wconf 82' lang='lat' dir='ltr'><strong>lix</strong></span> <span class='ocrx_word' id='word_1_187' title='bbox 704 1580 788 1650; x_wconf 88' lang='lat' dir='ltr'><strong>parta</strong></span> <span class='ocrx_word' id='word_1_188' title='bbox 801 1589 874 1633; x_wconf 82' lang='lat' dir='ltr'><strong>varo</strong></span> <span class='ocrx_word' id='word_1_189' title='bbox 928 1573 1005 1632; x_wconf 89' lang='lat' dir='ltr'><strong>riam</strong></span> <span class='ocrx_word' id='word_1_190' title='bbox 1019 1576 1186 1631; x_wconf 84' lang='lat' dir='ltr'><strong>itomanam</strong></span> <span class='ocrx_word' id='word_1_191' title='bbox 1201 1574 1342 1633; x_wconf 89' lang='lat' dir='ltr'><strong>destinati</strong></span> <span class='ocrx_word' id='word_1_192' title='bbox 1355 1579 1441 1634; x_wconf 87' lang='lat' dir='ltr'><strong>erant</strong></span> <span class='ocrx_word' id='word_1_193' title='bbox 1454 1576 1755 1650; x_wconf 88' lang='lat' dir='ltr'><strong>captivati‚ipseaum</strong></span> 
     </span>
     <span class='ocr_line' id='line_1_16' title="bbox 40 1662 1756 1738; baseline 0 -13"><span class='ocrx_word' id='word_1_194' title='bbox 40 1667 167 1725; x_wconf 86' lang='lat' dir='ltr'><strong>illoram</strong></span> <span class='ocrx_word' id='word_1_195' title='bbox 177 1666 217 1724; x_wconf 91' lang='lat' dir='ltr'><strong>de</strong></span> <span class='ocrx_word' id='word_1_196' title='bbox 229 1666 406 1724; x_wconf 73' lang='lat' dir='ltr'><strong>Avsusduo</strong></span> <span class='ocrx_word' id='word_1_197' title='bbox 412 1665 516 1723; x_wconf 87' lang='lat' dir='ltr'><strong>fratres</strong></span> <span class='ocrx_word' id='word_1_198' title='bbox 524 1665 679 1723; x_wconf 87' lang='lat' dir='ltr'><strong>castellani</strong></span> <span class='ocrx_word' id='word_1_199' title='bbox 689 1664 727 1723; x_wconf 89' lang='lat' dir='ltr'><strong>da</strong></span> <span class='ocrx_word' id='word_1_200' title='bbox 739 1664 872 1730; x_wconf 88' lang='lat' dir='ltr'><strong>Warum,</strong></span> <span class='ocrx_word' id='word_1_201' title='bbox 931 1668 963 1721; x_wconf 80' lang='lat' dir='ltr'><strong>tit</strong></span> <span class='ocrx_word' id='word_1_202' title='bbox 979 1662 1079 1721; x_wconf 86' lang='lat' dir='ltr'><strong>electis</strong></span> <span class='ocrx_word' id='word_1_203' title='bbox 1094 1663 1251 1736; x_wconf 76' lang='lat' dir='ltr'><strong>armigeris</strong></span> <span class='ocrx_word' id='word_1_204' title='bbox 1265 1665 1440 1738; x_wconf 90' lang='lat' dir='ltr'><strong>passagium</strong></span> <span class='ocrx_word' id='word_1_205' title='bbox 1453 1665 1756 1734; x_wconf 60' lang='lat' dir='ltr'><strong>excedensteodisna</strong></span> 
     </span>
     <span class='ocr_line' id='line_1_17' title="bbox 41 1750 1756 1824; baseline -0.001 -11"><span class='ocrx_word' id='word_1_206' title='bbox 41 1753 198 1813; x_wconf 76' lang='lat' dir='ltr'><strong>Arnoldns</strong></span> <span class='ocrx_word' id='word_1_207' title='bbox 212 1754 299 1812; x_wconf 86' lang='lat' dir='ltr'><strong>miles</strong></span> <span class='ocrx_word' id='word_1_208' title='bbox 317 1753 356 1812; x_wconf 92' lang='lat' dir='ltr'><strong>de</strong></span> <span class='ocrx_word' id='word_1_209' title='bbox 364 1769 444 1812; x_wconf 86' lang='lat' dir='ltr'><strong>noro</strong></span> <span class='ocrx_word' id='word_1_210' title='bbox 454 1753 560 1821; x_wconf 89' lang='lat' dir='ltr'><strong>factus,</strong></span> <span class='ocrx_word' id='word_1_211' title='bbox 570 1753 736 1812; x_wconf 89' lang='lat' dir='ltr'><strong>etButorus</strong></span> <span class='ocrx_word' id='word_1_212' title='bbox 745 1752 876 1824; x_wconf 87' lang='lat' dir='ltr'><strong>armiger</strong></span> <span class='ocrx_word' id='word_1_213' title='bbox 892 1761 915 1823; x_wconf 77' lang='grc' dir='ltr'>Β</span> <span class='ocrx_word' id='word_1_214' title='bbox 931 1766 980 1808; x_wconf 89' lang='lat' dir='ltr'><strong>sas</strong></span> <span class='ocrx_word' id='word_1_215' title='bbox 992 1750 1101 1809; x_wconf 88' lang='lat' dir='ltr'><strong>obvios</strong></span> <span class='ocrx_word' id='word_1_216' title='bbox 1122 1751 1154 1808; x_wconf 90' lang='lat' dir='ltr'><strong>in</strong></span> <span class='ocrx_word' id='word_1_217' title='bbox 1181 1766 1327 1809; x_wconf 87' lang='lat' dir='ltr'><strong>asscensu</strong></span> <span class='ocrx_word' id='word_1_218' title='bbox 1352 1753 1464 1811; x_wconf 88' lang='lat' dir='ltr'><strong>montis</strong></span> <span class='ocrx_word' id='word_1_219' title='bbox 1480 1756 1512 1811; x_wconf 90' lang='lat' dir='ltr'><strong>ut</strong></span> <span class='ocrx_word' id='word_1_220' title='bbox 1534 1753 1616 1822; x_wconf 86' lang='lat' dir='ltr'><strong>vidit,</strong></span> <span class='ocrx_word' id='word_1_221' title='bbox 1639 1753 1756 1812; x_wconf 86' lang='lat' dir='ltr'><strong>elevata</strong></span> 
     </span>
     <span class='ocr_line' id='line_1_18' title="bbox 43 1840 1755 1916; baseline -0.002 -13"><span class='ocrx_word' id='word_1_222' title='bbox 43 1860 115 1903; x_wconf 88' lang='lat' dir='ltr'><strong>aum</strong></span> <span class='ocrx_word' id='word_1_223' title='bbox 134 1844 170 1901; x_wconf 73' lang='lat' dir='ltr'><strong>li</strong></span> <span class='ocrx_word' id='word_1_224' title='bbox 184 1844 353 1916; x_wconf 72' lang='lat' dir='ltr'><strong>armigeris,</strong></span> <span class='ocrx_word' id='word_1_225' title='bbox 373 1843 482 1916; x_wconf 83' lang='lat' dir='ltr'><strong>gladiis</strong></span> <span class='ocrx_word' id='word_1_226' title='bbox 497 1842 675 1901; x_wconf 86' lang='lat' dir='ltr'><strong>oeciderunt.</strong></span> <span class='ocrx_word' id='word_1_227' title='bbox 698 1845 731 1900; x_wconf 85' lang='lat' dir='ltr'><strong>Et</strong></span> <span class='ocrx_word' id='word_1_228' title='bbox 743 1843 825 1915; x_wconf 86' lang='lat' dir='ltr'><strong>quis,</strong></span> <span class='ocrx_word' id='word_1_229' title='bbox 844 1846 877 1899; x_wconf 90' lang='lat' dir='ltr'><strong>ut</strong></span> <span class='ocrx_word' id='word_1_230' title='bbox 929 1840 1060 1898; x_wconf 86' lang='lat' dir='ltr'><strong>bastela</strong></span> <span class='ocrx_word' id='word_1_231' title='bbox 1072 1840 1256 1906; x_wconf 86' lang='lat' dir='ltr'><strong>eosirruens,</strong></span> <span class='ocrx_word' id='word_1_232' title='bbox 1272 1841 1410 1898; x_wconf 88' lang='lat' dir='ltr'><strong>cumsufs</strong></span> <span class='ocrx_word' id='word_1_233' title='bbox 1419 1841 1755 1911; x_wconf 73' lang='lat' dir='ltr'><strong>mauscocubuit.0uod</strong></span> 
     </span>
     <span class='ocr_line' id='line_1_19' title="bbox 42 1927 1755 2005; baseline -0.003 -14"><span class='ocrx_word' id='word_1_234' title='bbox 42 1934 210 2000; x_wconf 87' lang='lat' dir='ltr'><strong>ferebatur,</strong></span> <span class='ocrx_word' id='word_1_235' title='bbox 219 1933 275 1990; x_wconf 90' lang='lat' dir='ltr'><strong>iste</strong></span> <span class='ocrx_word' id='word_1_236' title='bbox 288 1930 442 1990; x_wconf 89' lang='lat' dir='ltr'><strong>conflictus</strong></span> <span class='ocrx_word' id='word_1_237' title='bbox 452 1932 562 2005; x_wconf 85' lang='lat' dir='ltr'><strong>treugis</strong></span> <span class='ocrx_word' id='word_1_238' title='bbox 574 1931 674 1989; x_wconf 87' lang='lat' dir='ltr'><strong>adhuc</strong></span> <span class='ocrx_word' id='word_1_239' title='bbox 687 1930 875 1989; x_wconf 78' lang='lat' dir='ltr'><strong>exstantibus</strong></span> <span class='ocrx_word' id='word_1_240' title='bbox 930 1933 1070 1986; x_wconf 91' lang='lat' dir='ltr'><strong>strenuus</strong></span> <span class='ocrx_word' id='word_1_241' title='bbox 1083 1927 1254 1986; x_wconf 79' lang='lat' dir='ltr'><strong>teodisnsis</strong></span> <span class='ocrx_word' id='word_1_242' title='bbox 1267 1928 1429 2002; x_wconf 89' lang='lat' dir='ltr'><strong>episcopus</strong></span> <span class='ocrx_word' id='word_1_243' title='bbox 1454 1928 1629 2002; x_wconf 87' lang='lat' dir='ltr'><strong>intelligens,</strong></span> <span class='ocrx_word' id='word_1_244' title='bbox 1650 1930 1755 1988; x_wconf 90' lang='lat' dir='ltr'><strong>adver-</strong></span> 
     </span>
     <span class='ocr_line' id='line_1_20' title="bbox 41 2017 1753 2095; baseline -0.002 -14"><span class='ocrx_word' id='word_1_245' title='bbox 41 2028 86 2081; x_wconf 88' lang='lat' dir='ltr'><strong>est</strong></span> <span class='ocrx_word' id='word_1_246' title='bbox 96 2021 297 2087; x_wconf 88' lang='lat' dir='ltr'><strong>commissus,</strong></span> <span class='ocrx_word' id='word_1_247' title='bbox 305 2021 398 2095; x_wconf 88' lang='lat' dir='ltr'><strong>partis</strong></span> <span class='ocrx_word' id='word_1_248' title='bbox 405 2020 522 2079; x_wconf 81' lang='lat' dir='ltr'><strong>devicte</strong></span> <span class='ocrx_word' id='word_1_249' title='bbox 531 2020 672 2078; x_wconf 87' lang='lat' dir='ltr'><strong>delictum</strong></span> <span class='ocrx_word' id='word_1_250' title='bbox 683 2018 876 2095; x_wconf 87' lang='lat' dir='ltr'><strong>pactionibus</strong></span> <span class='ocrx_word' id='word_1_251' title='bbox 930 2017 1027 2075; x_wconf 88' lang='lat' dir='ltr'><strong>serios</strong></span> <span class='ocrx_word' id='word_1_252' title='bbox 1045 2031 1117 2075; x_wconf 90' lang='lat' dir='ltr'><strong>suos</strong></span> <span class='ocrx_word' id='word_1_253' title='bbox 1131 2017 1282 2077; x_wconf 87' lang='lat' dir='ltr'><strong>iumentis</strong></span> <span class='ocrx_word' id='word_1_254' title='bbox 1296 2017 1441 2075; x_wconf 82' lang='lat' dir='ltr'><strong>descensu</strong></span> <span class='ocrx_word' id='word_1_255' title='bbox 1465 2032 1531 2077; x_wconf 89' lang='lat' dir='ltr'><strong>esse</strong></span> <span class='ocrx_word' id='word_1_256' title='bbox 1546 2023 1753 2091; x_wconf 79' lang='lat' dir='ltr'><strong>congmgatos,</strong></span> 
     </span>
     <span class='ocr_line' id='line_1_21' title="bbox 42 2104 1753 2185; baseline -0.003 -15"><span class='ocrx_word' id='word_1_257' title='bbox 42 2111 252 2170; x_wconf 88' lang='lat' dir='ltr'><strong>mediantibus</strong></span> <span class='ocrx_word' id='word_1_258' title='bbox 258 2111 496 2185; x_wconf 90' lang='lat' dir='ltr'><strong>perapiscopum</strong></span> <span class='ocrx_word' id='word_1_259' title='bbox 503 2109 797 2183; x_wconf 89' lang='lat' dir='ltr'><strong>condonatur‚partis</strong></span> <span class='ocrx_word' id='word_1_260' title='bbox 804 2123 876 2166; x_wconf 87' lang='lat' dir='ltr'><strong>vero</strong></span> <span class='ocrx_word' id='word_1_261' title='bbox 930 2106 961 2163; x_wconf 93' lang='lat' dir='ltr'><strong>in</strong></span> <span class='ocrx_word' id='word_1_262' title='bbox 973 2108 990 2163; x_wconf 82' lang='lat' dir='ltr'><strong>d</strong></span> <span class='ocrx_word' id='word_1_263' title='bbox 1004 2104 1079 2164; x_wconf 88' lang='lat' dir='ltr'><strong>faria</strong></span> <span class='ocrx_word' id='word_1_264' title='bbox 1093 2105 1172 2164; x_wconf 89' lang='lat' dir='ltr'><strong>infra</strong></span> <span class='ocrx_word' id='word_1_265' title='bbox 1183 2111 1317 2165; x_wconf 88' lang='lat' dir='ltr'><strong>octavam</strong></span> <span class='ocrx_word' id='word_1_266' title='bbox 1330 2106 1553 2181; x_wconf 75' lang='lat' dir='ltr'><strong>penthecosten,</strong></span> <span class='ocrx_word' id='word_1_267' title='bbox 1573 2122 1633 2180; x_wconf 88' lang='lat' dir='ltr'><strong>que</strong></span> <span class='ocrx_word' id='word_1_268' title='bbox 1659 2107 1715 2164; x_wconf 89' lang='lat' dir='ltr'><strong>fult</strong></span> <span class='ocrx_word' id='word_1_269' title='bbox 1737 2112 1753 2165; x_wconf 81' lang='lat' dir='ltr'><strong>t</strong></span> 
     </span>
     <span class='ocr_line' id='line_1_22' title="bbox 42 2194 1752 2275; baseline -0.003 -16"><span class='ocrx_word' id='word_1_270' title='bbox 42 2200 230 2275; x_wconf 80' lang='lat' dir='ltr'><strong>prevalentis</strong></span> <span class='ocrx_word' id='word_1_271' title='bbox 254 2198 397 2257; x_wconf 84' lang='lat' dir='ltr'><strong>debotum</strong></span> <span class='ocrx_word' id='word_1_272' title='bbox 421 2214 491 2256; x_wconf 89' lang='lat' dir='ltr'><strong>cunr</strong></span> <span class='ocrx_word' id='word_1_273' title='bbox 513 2198 693 2257; x_wconf 70' lang='lat' dir='ltr'><strong>leodienses</strong></span> <span class='ocrx_word' id='word_1_274' title='bbox 715 2196 876 2257; x_wconf 84' lang='lat' dir='ltr'><strong>defendere</strong></span> <span class='ocrx_word' id='word_1_275' title='bbox 930 2194 1079 2254; x_wconf 82' lang='lat' dir='ltr'><strong>Kalendas</strong></span> <span class='ocrx_word' id='word_1_276' title='bbox 1089 2195 1180 2260; x_wconf 84' lang='lat' dir='ltr'><strong>lunii,</strong></span> <span class='ocrx_word' id='word_1_277' title='bbox 1194 2211 1265 2253; x_wconf 89' lang='lat' dir='ltr'><strong>eum</strong></span> <span class='ocrx_word' id='word_1_278' title='bbox 1276 2195 1384 2270; x_wconf 90' lang='lat' dir='ltr'><strong>paucis</strong></span> <span class='ocrx_word' id='word_1_279' title='bbox 1394 2195 1537 2255; x_wconf 88' lang='lat' dir='ltr'><strong>militibus</strong></span> <span class='ocrx_word' id='word_1_280' title='bbox 1546 2200 1575 2254; x_wconf 91' lang='lat' dir='ltr'><strong>et</strong></span> <span class='ocrx_word' id='word_1_281' title='bbox 1585 2196 1752 2268; x_wconf 88' lang='lat' dir='ltr'><strong>armigeris,</strong></span> 
     </span>
     <span class='ocr_line' id='line_1_23' title="bbox 43 2283 1753 2365; baseline -0.004 -16"><span class='ocrx_word' id='word_1_282' title='bbox 43 2287 876 2365; x_wconf 68' lang='lat' dir='ltr'><strong>muronicaepiscopuscollectemagnoexercitusuxi·</strong></span> <span class='ocrx_word' id='word_1_283' title='bbox 930 2284 1183 2343; x_wconf 84' lang='lat' dir='ltr'><strong>seilicetlobanna</strong></span> <span class='ocrx_word' id='word_1_284' title='bbox 1193 2283 1233 2341; x_wconf 87' lang='lat' dir='ltr'><strong>de</strong></span> <span class='ocrx_word' id='word_1_285' title='bbox 1248 2284 1468 2356; x_wconf 79' lang='lat' dir='ltr'><strong>llardwement,</strong></span> <span class='ocrx_word' id='word_1_286' title='bbox 1484 2284 1620 2343; x_wconf 85' lang='lat' dir='ltr'><strong>iohanne</strong></span> <span class='ocrx_word' id='word_1_287' title='bbox 1633 2283 1753 2343; x_wconf 78' lang='lat' dir='ltr'><strong>delan-</strong></span> 
     </span>
     <span class='ocr_line' id='line_1_24' title="bbox 44 2371 1756 2453; baseline -0.006 -14"><span class='ocrx_word' id='word_1_288' title='bbox 44 2381 140 2439; x_wconf 82' lang='lat' dir='ltr'><strong>fianta</strong></span> <span class='ocrx_word' id='word_1_289' title='bbox 156 2380 217 2437; x_wconf 88' lang='lat' dir='ltr'><strong>sibi</strong></span> <span class='ocrx_word' id='word_1_290' title='bbox 230 2394 302 2452; x_wconf 89' lang='lat' dir='ltr'><strong>rege</strong></span> <span class='ocrx_word' id='word_1_291' title='bbox 317 2379 457 2437; x_wconf 81' lang='lat' dir='ltr'><strong>Bobamie</strong></span> <span class='ocrx_word' id='word_1_292' title='bbox 477 2380 554 2453; x_wconf 79' lang='lat' dir='ltr'><strong>(itt)</strong></span> <span class='ocrx_word' id='word_1_293' title='bbox 574 2396 643 2436; x_wconf 89' lang='lat' dir='ltr'><strong>cum</strong></span> <span class='ocrx_word' id='word_1_294' title='bbox 655 2381 687 2436; x_wconf 87' lang='lat' dir='ltr'><strong>tt</strong></span> <span class='ocrx_word' id='word_1_295' title='bbox 702 2378 874 2445; x_wconf 89' lang='lat' dir='ltr'><strong>comitibus,</strong></span> <span class='ocrx_word' id='word_1_296' title='bbox 929 2373 1003 2432; x_wconf 89' lang='lat' dir='ltr'><strong>drils</strong></span> <span class='ocrx_word' id='word_1_297' title='bbox 1016 2379 1046 2430; x_wconf 91' lang='lat' dir='ltr'><strong>et</strong></span> <span class='ocrx_word' id='word_1_298' title='bbox 1058 2372 1124 2432; x_wconf 90' lang='lat' dir='ltr'><strong>aliis</strong></span> <span class='ocrx_word' id='word_1_299' title='bbox 1137 2388 1174 2431; x_wconf 83' lang='lat' dir='ltr'><strong>ex</strong></span> <span class='ocrx_word' id='word_1_300' title='bbox 1183 2373 1325 2446; x_wconf 86' lang='lat' dir='ltr'><strong>progenie</strong></span> <span class='ocrx_word' id='word_1_301' title='bbox 1334 2372 1500 2431; x_wconf 89' lang='lat' dir='ltr'><strong>deWarois</strong></span> <span class='ocrx_word' id='word_1_302' title='bbox 1514 2377 1543 2431; x_wconf 89' lang='lat' dir='ltr'><strong>et</strong></span> <span class='ocrx_word' id='word_1_303' title='bbox 1553 2371 1756 2446; x_wconf 76' lang='lat' dir='ltr'><strong>werfengeies</strong></span> 
     </span>
     <span class='ocr_line' id='line_1_25' title="bbox 42 2460 1756 2543; baseline -0.005 -16"><span class='ocrx_word' id='word_1_304' title='bbox 42 2475 153 2528; x_wconf 87' lang='lat' dir='ltr'><strong>eontra</strong></span> <span class='ocrx_word' id='word_1_305' title='bbox 159 2467 564 2543; x_wconf 81' lang='lat' dir='ltr'><strong>beodiauscsprooaditapud</strong></span> <span class='ocrx_word' id='word_1_306' title='bbox 570 2468 793 2539; x_wconf 82' lang='lat' dir='ltr'><strong>crestengueies</strong></span> <span class='ocrx_word' id='word_1_307' title='bbox 799 2466 876 2541; x_wconf 71' lang='grc'><strong>(748)</strong></span> <span class='ocrx_word' id='word_1_308' title='bbox 930 2463 1003 2521; x_wconf 88' lang='lat' dir='ltr'><strong>viris</strong></span> <span class='ocrx_word' id='word_1_309' title='bbox 1016 2461 1101 2523; x_wconf 81' lang='lat' dir='ltr'><strong>ddab</strong></span> <span class='ocrx_word' id='word_1_310' title='bbox 1114 2461 1207 2536; x_wconf 92' lang='lat' dir='ltr'><strong>opido</strong></span> <span class='ocrx_word' id='word_1_311' title='bbox 1222 2463 1340 2520; x_wconf 88' lang='lat' dir='ltr'><strong>iloicnsl</strong></span> <span class='ocrx_word' id='word_1_312' title='bbox 1352 2461 1464 2530; x_wconf 68' lang='lat' dir='ltr'><strong>emens,</strong></span> <span class='ocrx_word' id='word_1_313' title='bbox 1473 2460 1610 2520; x_wconf 86' lang='lat' dir='ltr'><strong>ascendit</strong></span> <span class='ocrx_word' id='word_1_314' title='bbox 1622 2466 1756 2520; x_wconf 86' lang='lat' dir='ltr'><strong>montem</strong></span> 
     </span>
     <span class='ocr_line' id='line_1_26' title="bbox 44 2549 1758 2629; baseline -0.005 -14"><span class='ocrx_word' id='word_1_315' title='bbox 44 2555 878 2629; x_wconf 86' lang='lat' dir='ltr'><strong>nbieastellanusmediantibusconventionibusepisco·</strong></span> <span class='ocrx_word' id='word_1_316' title='bbox 930 2551 1061 2622; x_wconf 70' lang='lat' dir='ltr'><strong>arbone,</strong></span> <span class='ocrx_word' id='word_1_317' title='bbox 1075 2549 1238 2621; x_wconf 74' lang='lat' dir='ltr'><strong>vulgariter</strong></span> <span class='ocrx_word' id='word_1_318' title='bbox 1249 2549 1555 2624; x_wconf 85' lang='lat' dir='ltr'><strong>appellatumdelraia</strong></span> <span class='ocrx_word' id='word_1_319' title='bbox 1570 2555 1600 2608; x_wconf 92' lang='lat' dir='ltr'><strong>te</strong></span> <span class='ocrx_word' id='word_1_320' title='bbox 1614 2550 1758 2618; x_wconf 86' lang='lat' dir='ltr'><strong>iloie,ubi</strong></span> 
     </span>
     <span class='ocr_line' id='line_1_27' title="bbox 42 2636 1759 2721; baseline -0.005 -15"><span class='ocrx_word' id='word_1_321' title='bbox 42 2663 83 2721; x_wconf 93' lang='lat' dir='ltr'><strong>po</strong></span> <span class='ocrx_word' id='word_1_322' title='bbox 91 2644 491 2720; x_wconf 85' lang='lat' dir='ltr'><strong>reconsiliatur[of.iiocsss.</strong></span> <span class='ocrx_word' id='word_1_323' title='bbox 499 2662 529 2703; x_wconf 89' lang='grc' dir='ltr'><strong>ιι.</strong></span> <span class='ocrx_word' id='word_1_324' title='bbox 541 2644 608 2721; x_wconf 78' lang='lat' dir='ltr'><strong>ft.].</strong></span> <span class='ocrx_word' id='word_1_325' title='bbox 622 2646 714 2705; x_wconf 85' lang='lat' dir='ltr'><strong>Iseid.</strong></span> <span class='ocrx_word' id='word_1_326' title='bbox 726 2645 877 2702; x_wconf 72' lang='lat' dir='ltr'><strong>annullo·</strong></span> <span class='ocrx_word' id='word_1_327' title='bbox 932 2639 1234 2698; x_wconf 83' lang='lat' dir='ltr'><strong>vidensadrarsarios</strong></span> <span class='ocrx_word' id='word_1_328' title='bbox 1246 2654 1318 2696; x_wconf 90' lang='lat' dir='ltr'><strong>suos</strong></span> <span class='ocrx_word' id='word_1_329' title='bbox 1331 2637 1520 2710; x_wconf 70' lang='lat' dir='ltr'><strong>modenam,</strong></span> <span class='ocrx_word' id='word_1_330' title='bbox 1530 2642 1718 2711; x_wconf 84' lang='lat' dir='ltr'><strong>Tongrenses</strong></span> <span class='ocrx_word' id='word_1_331' title='bbox 1730 2636 1759 2698; x_wconf 87' lang='lat' dir='ltr'><strong>et</strong></span> 
     </span>
     <span class='ocr_line' id='line_1_28' title="bbox 43 2727 1759 2809; baseline -0.005 -17"><span class='ocrx_word' id='word_1_332' title='bbox 43 2735 119 2792; x_wconf 90' lang='lat' dir='ltr'><strong>mini</strong></span> <span class='ocrx_word' id='word_1_333' title='bbox 147 2737 219 2791; x_wconf 71' lang='lat' dir='ltr'><strong>tiri</strong></span> <span class='ocrx_word' id='word_1_334' title='bbox 245 2734 403 2809; x_wconf 87' lang='lat' dir='ltr'><strong>episeopus</strong></span> <span class='ocrx_word' id='word_1_335' title='bbox 430 2734 559 2792; x_wconf 77' lang='lat' dir='ltr'><strong>sardens</strong></span> <span class='ocrx_word' id='word_1_336' title='bbox 581 2749 613 2791; x_wconf 88' lang='lat' dir='ltr'><strong>se</strong></span> <span class='ocrx_word' id='word_1_337' title='bbox 626 2748 688 2792; x_wconf 88' lang='lat' dir='ltr'><strong>non</strong></span> <span class='ocrx_word' id='word_1_338' title='bbox 701 2747 791 2807; x_wconf 88' lang='lat' dir='ltr'><strong>posse</strong></span> <span class='ocrx_word' id='word_1_339' title='bbox 813 2732 877 2790; x_wconf 84' lang='lat' dir='ltr'><strong>vio·</strong></span> <span class='ocrx_word' id='word_1_340' title='bbox 932 2729 1151 2795; x_wconf 70' lang='lat' dir='ltr'><strong>trudonenses,</strong></span> <span class='ocrx_word' id='word_1_341' title='bbox 1166 2742 1297 2802; x_wconf 88' lang='lat' dir='ltr'><strong>quornm</strong></span> <span class='ocrx_word' id='word_1_342' title='bbox 1310 2727 1590 2786; x_wconf 89' lang='lat' dir='ltr'><strong>numerusfuittria</strong></span> <span class='ocrx_word' id='word_1_343' title='bbox 1604 2727 1759 2795; x_wconf 72' lang='lat' dir='ltr'><strong>milliana-</strong></span> 
     </span>
     <span class='ocr_line' id='line_1_29' title="bbox 41 2814 1757 2896; baseline -0.006 -15"><span class='ocrx_word' id='word_1_344' title='bbox 41 2822 145 2881; x_wconf 88' lang='lat' dir='ltr'><strong>lentiis</strong></span> <span class='ocrx_word' id='word_1_345' title='bbox 160 2820 433 2896; x_wconf 80' lang='lat' dir='ltr'><strong>civitatisotpatrie</strong></span> <span class='ocrx_word' id='word_1_346' title='bbox 449 2821 622 2880; x_wconf 82' lang='lat' dir='ltr'><strong>leodiensis</strong></span> <span class='ocrx_word' id='word_1_347' title='bbox 640 2821 733 2880; x_wconf 88' lang='lat' dir='ltr'><strong>armis</strong></span> <span class='ocrx_word' id='word_1_348' title='bbox 751 2835 877 2878; x_wconf 90' lang='lat' dir='ltr'><strong>suorum</strong></span> <span class='ocrx_word' id='word_1_349' title='bbox 932 2815 1179 2875; x_wconf 70' lang='lat' dir='ltr'><strong>emendbuscum</strong></span> <span class='ocrx_word' id='word_1_350' title='bbox 1190 2815 1436 2889; x_wconf 87' lang='lat' dir='ltr'><strong>iilispluribusex</strong></span> <span class='ocrx_word' id='word_1_351' title='bbox 1448 2814 1757 2890; x_wconf 78' lang='lat' dir='ltr'><strong>progentsdeswsus</strong></span> 
     </span>
     <span class='ocr_line' id='line_1_30' title="bbox 43 2903 1756 2986; baseline -0.006 -15"><span class='ocrx_word' id='word_1_352' title='bbox 43 2912 207 2978; x_wconf 86' lang='lat' dir='ltr'><strong>obsistere,</strong></span> <span class='ocrx_word' id='word_1_353' title='bbox 217 2911 314 2986; x_wconf 87' lang='lat' dir='ltr'><strong>querit</strong></span> <span class='ocrx_word' id='word_1_354' title='bbox 327 2910 471 2971; x_wconf 81' lang='lat' dir='ltr'><strong>auxilium</strong></span> <span class='ocrx_word' id='word_1_355' title='bbox 482 2910 633 2985; x_wconf 87' lang='lat' dir='ltr'><strong>pontificis</strong></span> <span class='ocrx_word' id='word_1_356' title='bbox 659 2910 799 2970; x_wconf 74' lang='lat' dir='ltr'><strong>Romani.</strong></span> <span class='ocrx_word' id='word_1_357' title='bbox 813 2910 878 2976; x_wconf 86' lang='lat' dir='ltr'><strong>Quo</strong></span> <span class='ocrx_word' id='word_1_358' title='bbox 931 2910 961 2965; x_wconf 85' lang='lat' dir='ltr'><strong>et</strong></span> <span class='ocrx_word' id='word_1_359' title='bbox 974 2905 1210 2979; x_wconf 79' lang='lat' dir='ltr'><strong>bosemont,ipse</strong></span> <span class='ocrx_word' id='word_1_360' title='bbox 1221 2904 1398 2978; x_wconf 87' lang='lat' dir='ltr'><strong>prooessitet</strong></span> <span class='ocrx_word' id='word_1_361' title='bbox 1407 2904 1446 2962; x_wconf 92' lang='lat' dir='ltr'><strong>ad</strong></span> <span class='ocrx_word' id='word_1_362' title='bbox 1461 2903 1627 2961; x_wconf 87' lang='lat' dir='ltr'><strong>districtum</strong></span> <span class='ocrx_word' id='word_1_363' title='bbox 1637 2917 1756 2961; x_wconf 83' lang='lat' dir='ltr'><strong>asscen-</strong></span> 
     </span>
     <span class='ocr_line' id='line_1_31' title="bbox 44 2991 1757 3076; baseline -0.006 -16"><span class='ocrx_word' id='word_1_364' title='bbox 44 2999 548 3076; x_wconf 75' lang='lat' dir='ltr'><strong>eompertodaodiensesmisarnni</strong></span> <span class='ocrx_word' id='word_1_365' title='bbox 563 3000 692 3059; x_wconf 88' lang='lat' dir='ltr'><strong>nunaios</strong></span> <span class='ocrx_word' id='word_1_366' title='bbox 707 3000 878 3073; x_wconf 84' lang='lat' dir='ltr'><strong>solempnes</strong></span> <span class='ocrx_word' id='word_1_367' title='bbox 931 3011 984 3054; x_wconf 91' lang='lat' dir='ltr'><strong>sus</strong></span> <span class='ocrx_word' id='word_1_368' title='bbox 996 2994 1076 3056; x_wconf 88' lang='lat' dir='ltr'><strong>illins</strong></span> <span class='ocrx_word' id='word_1_369' title='bbox 1088 2994 1199 3054; x_wconf 83' lang='lat' dir='ltr'><strong>urentis</strong></span> <span class='ocrx_word' id='word_1_370' title='bbox 1211 2992 1323 3053; x_wconf 63' lang='lat' dir='ltr'><strong>adium</strong></span> <span class='ocrx_word' id='word_1_371' title='bbox 1333 3009 1446 3052; x_wconf 87' lang='lat' dir='ltr'><strong>seeum</strong></span> <span class='ocrx_word' id='word_1_372' title='bbox 1454 2991 1757 3068; x_wconf 84' lang='lat' dir='ltr'><strong>paucissuisviriliter</strong></span> 
     </span>
     <span class='ocr_line' id='line_1_32' title="bbox 44 3082 1753 3199; baseline -0.005 -50"><span class='ocrx_word' id='word_1_373' title='bbox 44 3089 255 3165; x_wconf 82' lang='lat' dir='ltr'><strong>sdprrafatam</strong></span> <span class='ocrx_word' id='word_1_374' title='bbox 267 3091 382 3147; x_wconf 86' lang='lat' dir='ltr'><strong>curiam</strong></span> <span class='ocrx_word' id='word_1_375' title='bbox 394 3103 464 3147; x_wconf 88' lang='lat' dir='ltr'><strong>oum</strong></span> <span class='ocrx_word' id='word_1_376' title='bbox 474 3090 669 3148; x_wconf 88' lang='lat' dir='ltr'><strong>accusatoriis</strong></span> <span class='ocrx_word' id='word_1_377' title='bbox 677 3088 878 3148; x_wconf 84' lang='lat' dir='ltr'><strong>delationibus</strong></span> <span class='ocrx_word' id='word_1_378' title='bbox 894 3135 915 3199; x_wconf 66' lang='lat' dir='ltr'>C</span> <span class='ocrx_word' id='word_1_379' title='bbox 930 3082 1548 3159; x_wconf 75' lang='lat' dir='ltr'><strong>statuitbdquamsdvcrsaparsanimose</strong></span> <span class='ocrx_word' id='word_1_380' title='bbox 1559 3082 1753 3149; x_wconf 86' lang='lat' dir='ltr'><strong>asscendens,-</strong></span> 
     </span>
     <span class='ocr_line' id='line_1_33' title="bbox 45 3171 1755 3251; baseline -0.005 -14"><span class='ocrx_word' id='word_1_381' title='bbox 45 3178 782 3251; x_wconf 79' lang='lat' dir='ltr'><strong>Quibnssicproficiscandbns,enm1&#39;uxtanemus</strong></span> <span class='ocrx_word' id='word_1_382' title='bbox 793 3178 878 3237; x_wconf 73' lang='lat' dir='ltr'><strong>Viro</strong></span> <span class='ocrx_word' id='word_1_383' title='bbox 932 3178 1128 3235; x_wconf 89' lang='lat' dir='ltr'><strong>commissum</strong></span> <span class='ocrx_word' id='word_1_384' title='bbox 1140 3177 1187 3232; x_wconf 90' lang='lat' dir='ltr'><strong>est</strong></span> <span class='ocrx_word' id='word_1_385' title='bbox 1197 3172 1394 3231; x_wconf 87' lang='lat' dir='ltr'><strong>durissimum</strong></span> <span class='ocrx_word' id='word_1_386' title='bbox 1404 3171 1533 3246; x_wconf 87' lang='lat' dir='ltr'><strong>prelium</strong></span> <span class='ocrx_word' id='word_1_387' title='bbox 1558 3172 1638 3229; x_wconf 90' lang='lat' dir='ltr'><strong>circs</strong></span> <span class='ocrx_word' id='word_1_388' title='bbox 1648 3173 1755 3230; x_wconf 87' lang='lat' dir='ltr'><strong>boram</strong></span> 
     </span>
     <span class='ocr_line' id='line_1_34' title="bbox 44 3259 1756 3342; baseline -0.006 -15"><span class='ocrx_word' id='word_1_389' title='bbox 44 3267 218 3327; x_wconf 81' lang='lat' dir='ltr'><strong>mandense</strong></span> <span class='ocrx_word' id='word_1_390' title='bbox 231 3267 392 3336; x_wconf 87' lang='lat' dir='ltr'><strong>venissent,</strong></span> <span class='ocrx_word' id='word_1_391' title='bbox 404 3283 422 3325; x_wconf 92' lang='lat' dir='ltr'><strong>a</strong></span> <span class='ocrx_word' id='word_1_392' title='bbox 433 3267 619 3342; x_wconf 88' lang='lat' dir='ltr'><strong>quibusdam</strong></span> <span class='ocrx_word' id='word_1_393' title='bbox 630 3266 878 3342; x_wconf 86' lang='lat' dir='ltr'><strong>amtoisepiseopf</strong></span> <span class='ocrx_word' id='word_1_394' title='bbox 930 3265 1072 3340; x_wconf 89' lang='lat' dir='ltr'><strong>primam.</strong></span> <span class='ocrx_word' id='word_1_395' title='bbox 1086 3263 1142 3321; x_wconf 85' lang='lat' dir='ltr'><strong>Ubi</strong></span> <span class='ocrx_word' id='word_1_396' title='bbox 1153 3263 1228 3320; x_wconf 93' lang='lat' dir='ltr'><strong>dum</strong></span> <span class='ocrx_word' id='word_1_397' title='bbox 1240 3260 1403 3335; x_wconf 89' lang='lat' dir='ltr'><strong>episcopus</strong></span> <span class='ocrx_word' id='word_1_398' title='bbox 1414 3260 1505 3318; x_wconf 84' lang='lat' dir='ltr'><strong>valde</strong></span> <span class='ocrx_word' id='word_1_399' title='bbox 1521 3263 1627 3318; x_wconf 87' lang='lat' dir='ltr'><strong>contra</strong></span> <span class='ocrx_word' id='word_1_400' title='bbox 1645 3259 1756 3318; x_wconf 91' lang='lat' dir='ltr'><strong>multos</strong></span> 
     </span>
     <span class='ocr_line' id='line_1_35' title="bbox 46 3349 1756 3430; baseline -0.005 -15"><span class='ocrx_word' id='word_1_401' title='bbox 46 3356 197 3422; x_wconf 84' lang='lat' dir='ltr'><strong>insidiati,</strong></span> <span class='ocrx_word' id='word_1_402' title='bbox 213 3355 468 3430; x_wconf 86' lang='lat' dir='ltr'><strong>capiunturatdiu</strong></span> <span class='ocrx_word' id='word_1_403' title='bbox 481 3356 590 3430; x_wconf 75' lang='lat' dir='ltr'><strong>captivi</strong></span> <span class='ocrx_word' id='word_1_404' title='bbox 603 3356 878 3430; x_wconf 89' lang='lat' dir='ltr'><strong>detinentur,super</strong></span> <span class='ocrx_word' id='word_1_405' title='bbox 931 3368 1002 3411; x_wconf 89' lang='lat' dir='ltr'><strong>eum</strong></span> <span class='ocrx_word' id='word_1_406' title='bbox 1016 3351 1280 3427; x_wconf 88' lang='lat' dir='ltr'><strong>paucisfetigatus,</strong></span> <span class='ocrx_word' id='word_1_407' title='bbox 1290 3349 1391 3424; x_wconf 90' lang='lat' dir='ltr'><strong>plures</strong></span> <span class='ocrx_word' id='word_1_408' title='bbox 1406 3364 1499 3407; x_wconf 87' lang='lat' dir='ltr'><strong>mauu</strong></span> <span class='ocrx_word' id='word_1_409' title='bbox 1512 3363 1569 3407; x_wconf 90' lang='lat' dir='ltr'><strong>sua</strong></span> <span class='ocrx_word' id='word_1_410' title='bbox 1582 3350 1756 3424; x_wconf 87' lang='lat' dir='ltr'><strong>prostravit,</strong></span> 
     </span>
     <span class='ocr_line' id='line_1_36' title="bbox 45 3438 1758 3520; baseline -0.005 -15"><span class='ocrx_word' id='word_1_411' title='bbox 45 3461 105 3520; x_wconf 84' lang='lat' dir='ltr'><strong>qno</strong></span> <span class='ocrx_word' id='word_1_412' title='bbox 117 3445 236 3503; x_wconf 86' lang='lat' dir='ltr'><strong>multus</strong></span> <span class='ocrx_word' id='word_1_413' title='bbox 246 3443 652 3505; x_wconf 84' lang='lat' dir='ltr'><strong>beodiiexcrevittnmultua.</strong></span> <span class='ocrx_word' id='word_1_414' title='bbox 666 3446 760 3505; x_wconf 74' lang='lat' dir='ltr'><strong>incid</strong></span> <span class='ocrx_word' id='word_1_415' title='bbox 776 3445 875 3520; x_wconf 87' lang='lat' dir='ltr'><strong>[ilocs.</strong></span> <span class='ocrx_word' id='word_1_416' title='bbox 933 3442 1106 3515; x_wconf 87' lang='lat' dir='ltr'><strong>supervenit</strong></span> <span class='ocrx_word' id='word_1_417' title='bbox 1117 3440 1209 3499; x_wconf 89' lang='lat' dir='ltr'><strong>frater</strong></span> <span class='ocrx_word' id='word_1_418' title='bbox 1221 3441 1287 3512; x_wconf 80' lang='lat' dir='ltr'><strong>eius</strong></span> <span class='ocrx_word' id='word_1_419' title='bbox 1302 3439 1465 3506; x_wconf 77' lang='lat' dir='ltr'><strong>tbnradus,</strong></span> <span class='ocrx_word' id='word_1_420' title='bbox 1482 3441 1560 3498; x_wconf 85' lang='lat' dir='ltr'><strong>lisso</strong></span> <span class='ocrx_word' id='word_1_421' title='bbox 1574 3438 1613 3497; x_wconf 89' lang='lat' dir='ltr'><strong>de</strong></span> <span class='ocrx_word' id='word_1_422' title='bbox 1624 3439 1758 3497; x_wconf 81' lang='lat' dir='ltr'><strong>Printba·</strong></span> 
     </span>
     <span class='ocr_line' id='line_1_37' title="bbox 47 3528 1758 3609; baseline -0.005 -16"><span class='ocrx_word' id='word_1_423' title='bbox 47 3551 76 3603; x_wconf 85' lang='lat' dir='ltr'><strong>n,</strong></span> <span class='ocrx_word' id='word_1_424' title='bbox 98 3533 160 3609; x_wconf 80' lang='lat' dir='ltr'><strong>ra]</strong></span> <span class='ocrx_word' id='word_1_425' title='bbox 171 3538 260 3592; x_wconf 76' lang='lat' dir='ltr'><strong>duno</strong></span> <span class='ocrx_word' id='word_1_426' title='bbox 287 3533 395 3593; x_wconf 90' lang='lat' dir='ltr'><strong>eodem</strong></span> <span class='ocrx_word' id='word_1_427' title='bbox 413 3533 543 3592; x_wconf 84' lang='lat' dir='ltr'><strong>Karalus</strong></span> <span class='ocrx_word' id='word_1_428' title='bbox 557 3534 634 3607; x_wconf 71' lang='lat' dir='ltr'><strong>(tta)</strong></span> <span class='ocrx_word' id='word_1_429' title='bbox 647 3551 700 3594; x_wconf 85' lang='lat' dir='ltr'><strong>rex</strong></span> <span class='ocrx_word' id='word_1_430' title='bbox 714 3535 836 3593; x_wconf 84' lang='lat' dir='ltr'><strong>Francia</strong></span> <span class='ocrx_word' id='word_1_431' title='bbox 849 3539 878 3592; x_wconf 91' lang='lat' dir='ltr'><strong>et</strong></span> <span class='ocrx_word' id='word_1_432' title='bbox 931 3531 1033 3605; x_wconf 88' lang='lat' dir='ltr'><strong>ghem,</strong></span> <span class='ocrx_word' id='word_1_433' title='bbox 1045 3529 1223 3589; x_wconf 87' lang='lat' dir='ltr'><strong>castellanus</strong></span> <span class='ocrx_word' id='word_1_434' title='bbox 1237 3529 1276 3587; x_wconf 91' lang='lat' dir='ltr'><strong>ds</strong></span> <span class='ocrx_word' id='word_1_435' title='bbox 1286 3528 1391 3599; x_wconf 84' lang='lat' dir='ltr'><strong>ltusal,</strong></span> <span class='ocrx_word' id='word_1_436' title='bbox 1402 3534 1432 3587; x_wconf 92' lang='lat' dir='ltr'><strong>at</strong></span> <span class='ocrx_word' id='word_1_437' title='bbox 1445 3528 1498 3588; x_wconf 91' lang='lat' dir='ltr'><strong>alii</strong></span> <span class='ocrx_word' id='word_1_438' title='bbox 1514 3542 1758 3586; x_wconf 86' lang='lat' dir='ltr'><strong>numeronovem</strong></span> 
     </span>
     <span class='ocr_line' id='line_1_38' title="bbox 47 3615 1758 3697; baseline -0.005 -15"><span class='ocrx_word' id='word_1_439' title='bbox 47 3622 179 3682; x_wconf 74' lang='lat' dir='ltr'><strong>flavam</strong></span> <span class='ocrx_word' id='word_1_440' title='bbox 196 3622 303 3694; x_wconf 85' lang='lat' dir='ltr'><strong>regina</strong></span> <span class='ocrx_word' id='word_1_441' title='bbox 319 3623 396 3695; x_wconf 76' lang='grc'><strong>(750)</strong></span> <span class='ocrx_word' id='word_1_442' title='bbox 410 3622 601 3697; x_wconf 79' lang='lat' dir='ltr'><strong>impregnata</strong></span> <span class='ocrx_word' id='word_1_443' title='bbox 614 3622 688 3682; x_wconf 88' lang='lat' dir='ltr'><strong>obiit</strong></span> <span class='ocrx_word' id='word_1_444' title='bbox 700 3623 788 3695; x_wconf 79' lang='lat' dir='ltr'><strong>(tsi).</strong></span> <span class='ocrx_word' id='word_1_445' title='bbox 808 3626 879 3683; x_wconf 85' lang='lat' dir='ltr'><strong>Post</strong></span> <span class='ocrx_word' id='word_1_446' title='bbox 931 3620 1055 3680; x_wconf 89' lang='lat' dir='ltr'><strong>alatere</strong></span> <span class='ocrx_word' id='word_1_447' title='bbox 1067 3635 1140 3688; x_wconf 93' lang='lat' dir='ltr'><strong>uno,</strong></span> <span class='ocrx_word' id='word_1_448' title='bbox 1156 3621 1349 3691; x_wconf 81' lang='lat' dir='ltr'><strong>etttayueras</strong></span> <span class='ocrx_word' id='word_1_449' title='bbox 1362 3617 1401 3675; x_wconf 90' lang='lat' dir='ltr'><strong>de</strong></span> <span class='ocrx_word' id='word_1_450' title='bbox 1414 3616 1563 3675; x_wconf 78' lang='lat' dir='ltr'><strong>Arkentaif</strong></span> <span class='ocrx_word' id='word_1_451' title='bbox 1577 3631 1647 3674; x_wconf 91' lang='lat' dir='ltr'><strong>cum</strong></span> <span class='ocrx_word' id='word_1_452' title='bbox 1667 3615 1758 3691; x_wconf 82' lang='lat' dir='ltr'><strong>qnin-</strong></span> 
     </span>
     <span class='ocr_line' id='line_1_39' title="bbox 48 3706 1758 3786; baseline -0.003 -17"><span class='ocrx_word' id='word_1_453' title='bbox 48 3727 139 3786; x_wconf 82' lang='lat' dir='ltr'><strong>qnem</strong></span> <span class='ocrx_word' id='word_1_454' title='bbox 148 3709 397 3785; x_wconf 85' lang='lat' dir='ltr'><strong>Philippusfllius</strong></span> <span class='ocrx_word' id='word_1_455' title='bbox 406 3709 505 3769; x_wconf 83' lang='lat' dir='ltr'><strong>iteroli</strong></span> <span class='ocrx_word' id='word_1_456' title='bbox 517 3710 635 3769; x_wconf 89' lang='lat' dir='ltr'><strong>comitis</strong></span> <span class='ocrx_word' id='word_1_457' title='bbox 645 3710 683 3768; x_wconf 91' lang='lat' dir='ltr'><strong>de</strong></span> <span class='ocrx_word' id='word_1_458' title='bbox 694 3711 801 3778; x_wconf 85' lang='lat' dir='ltr'><strong>valois,</strong></span> <span class='ocrx_word' id='word_1_459' title='bbox 819 3711 878 3770; x_wconf 91' lang='lat' dir='ltr'><strong>fra·</strong></span> <span class='ocrx_word' id='word_1_460' title='bbox 931 3710 1029 3768; x_wconf 89' lang='lat' dir='ltr'><strong>decim</strong></span> <span class='ocrx_word' id='word_1_461' title='bbox 1043 3708 1214 3767; x_wconf 90' lang='lat' dir='ltr'><strong>recentibus</strong></span> <span class='ocrx_word' id='word_1_462' title='bbox 1231 3708 1271 3764; x_wconf 88' lang='lat' dir='ltr'><strong>ab</strong></span> <span class='ocrx_word' id='word_1_463' title='bbox 1281 3706 1375 3766; x_wconf 87' lang='lat' dir='ltr'><strong>altera</strong></span> <span class='ocrx_word' id='word_1_464' title='bbox 1391 3706 1503 3763; x_wconf 88' lang='lat' dir='ltr'><strong>montis</strong></span> <span class='ocrx_word' id='word_1_465' title='bbox 1521 3710 1613 3777; x_wconf 85' lang='lat' dir='ltr'><strong>parte,</strong></span> <span class='ocrx_word' id='word_1_466' title='bbox 1628 3706 1681 3779; x_wconf 86' lang='lat' dir='ltr'><strong>qui</strong></span> <span class='ocrx_word' id='word_1_467' title='bbox 1693 3721 1758 3764; x_wconf 88' lang='lat' dir='ltr'><strong>sesa</strong></span> 
     </span>
     <span class='ocr_line' id='line_1_40' title="bbox 48 3793 1756 3874; baseline -0.004 -16"><span class='ocrx_word' id='word_1_468' title='bbox 48 3800 100 3858; x_wconf 90' lang='lat' dir='ltr'><strong>tris</strong></span> <span class='ocrx_word' id='word_1_469' title='bbox 120 3799 255 3873; x_wconf 86' lang='lat' dir='ltr'><strong>Philippi</strong></span> <span class='ocrx_word' id='word_1_470' title='bbox 278 3800 358 3870; x_wconf 85' lang='lat' dir='ltr'><strong>regis</strong></span> <span class='ocrx_word' id='word_1_471' title='bbox 385 3799 528 3866; x_wconf 79' lang='lat' dir='ltr'><strong>Formosi,</strong></span> <span class='ocrx_word' id='word_1_472' title='bbox 559 3804 707 3874; x_wconf 61' lang='lat' dir='ltr'><strong>unquam</strong></span> <span class='ocrx_word' id='word_1_473' title='bbox 720 3800 876 3874; x_wconf 82' lang='lat' dir='ltr'><strong>proximus</strong></span> <span class='ocrx_word' id='word_1_474' title='bbox 931 3800 971 3857; x_wconf 88' lang='lat' dir='ltr'><strong>sd</strong></span> <span class='ocrx_word' id='word_1_475' title='bbox 986 3797 1080 3857; x_wconf 88' lang='lat' dir='ltr'><strong>latera</strong></span> <span class='ocrx_word' id='word_1_476' title='bbox 1095 3797 1229 3871; x_wconf 88' lang='lat' dir='ltr'><strong>episcopi</strong></span> <span class='ocrx_word' id='word_1_477' title='bbox 1241 3795 1439 3865; x_wconf 88' lang='lat' dir='ltr'><strong>intrudentes,</strong></span> <span class='ocrx_word' id='word_1_478' title='bbox 1449 3794 1481 3851; x_wconf 91' lang='lat' dir='ltr'><strong>in</strong></span> <span class='ocrx_word' id='word_1_479' title='bbox 1490 3793 1588 3852; x_wconf 85' lang='lat' dir='ltr'><strong>fronte</strong></span> <span class='ocrx_word' id='word_1_480' title='bbox 1599 3793 1756 3851; x_wconf 87' lang='lat' dir='ltr'><strong>conflictus</strong></span> 
     </span>
     <span class='ocr_line' id='line_1_41' title="bbox 49 3882 1756 3962; baseline -0.005 -16"><span class='ocrx_word' id='word_1_481' title='bbox 49 3888 146 3955; x_wconf 87' lang='lat' dir='ltr'><strong>heres,</strong></span> <span class='ocrx_word' id='word_1_482' title='bbox 163 3888 201 3945; x_wconf 90' lang='lat' dir='ltr'><strong>ad</strong></span> <span class='ocrx_word' id='word_1_483' title='bbox 216 3888 299 3959; x_wconf 88' lang='lat' dir='ltr'><strong>regui</strong></span> <span class='ocrx_word' id='word_1_484' title='bbox 311 3886 451 3959; x_wconf 89' lang='lat' dir='ltr'><strong>regimina</strong></span> <span class='ocrx_word' id='word_1_485' title='bbox 463 3891 495 3945; x_wconf 92' lang='lat' dir='ltr'><strong>ut</strong></span> <span class='ocrx_word' id='word_1_486' title='bbox 507 3886 625 3946; x_wconf 84' lang='lat' dir='ltr'><strong>futurus</strong></span> <span class='ocrx_word' id='word_1_487' title='bbox 645 3903 696 3946; x_wconf 85' lang='lat' dir='ltr'><strong>rex</strong></span> <span class='ocrx_word' id='word_1_488' title='bbox 705 3888 875 3957; x_wconf 85' lang='lat' dir='ltr'><strong>assumitur,</strong></span> <span class='ocrx_word' id='word_1_489' title='bbox 930 3882 1756 3962; x_wconf 73' lang='lat' dir='ltr'><strong>prerumpenrcamuttossdvsasrioruuprostsverunu</strong></span> 
     </span>
     <span class='ocr_line' id='line_1_42' title="bbox 49 3970 1756 4049; baseline -0.002 -16"><span class='ocrx_word' id='word_1_490' title='bbox 49 3976 107 4034; x_wconf 90' lang='lat' dir='ltr'><strong>nisi</strong></span> <span class='ocrx_word' id='word_1_491' title='bbox 119 3975 164 4033; x_wconf 88' lang='lat' dir='ltr'><strong>ab</strong></span> <span class='ocrx_word' id='word_1_492' title='bbox 175 3976 364 4049; x_wconf 81' lang='lat' dir='ltr'><strong>impregnata</strong></span> <span class='ocrx_word' id='word_1_493' title='bbox 382 3974 497 4049; x_wconf 82' lang='lat' dir='ltr'><strong>prelata</strong></span> <span class='ocrx_word' id='word_1_494' title='bbox 507 3977 623 4047; x_wconf 85' lang='lat' dir='ltr'><strong>regina,</strong></span> <span class='ocrx_word' id='word_1_495' title='bbox 649 3976 750 4033; x_wconf 83' lang='lat' dir='ltr'><strong>relicta</strong></span> <span class='ocrx_word' id='word_1_496' title='bbox 766 3975 875 4042; x_wconf 80' lang='lat' dir='ltr'><strong>iterati,</strong></span> <span class='ocrx_word' id='word_1_497' title='bbox 931 3979 997 4045; x_wconf 80' lang='lat' dir='ltr'><strong>ouo</strong></span> <span class='ocrx_word' id='word_1_498' title='bbox 1008 3976 1073 4033; x_wconf 88' lang='lat' dir='ltr'><strong>viso</strong></span> <span class='ocrx_word' id='word_1_499' title='bbox 1082 3973 1294 4032; x_wconf 83' lang='lat' dir='ltr'><strong>beodiansium</strong></span> <span class='ocrx_word' id='word_1_500' title='bbox 1307 3970 1426 4046; x_wconf 89' lang='lat' dir='ltr'><strong>plurimi</strong></span> <span class='ocrx_word' id='word_1_501' title='bbox 1440 3986 1494 4045; x_wconf 87' lang='lat' dir='ltr'><strong>per</strong></span> <span class='ocrx_word' id='word_1_502' title='bbox 1507 3971 1618 4029; x_wconf 88' lang='lat' dir='ltr'><strong>montis</strong></span> <span class='ocrx_word' id='word_1_503' title='bbox 1627 3970 1756 4029; x_wconf 86' lang='lat' dir='ltr'><strong>declivia</strong></span> 
     </span>
     <span class='ocr_line' id='line_1_43' title="bbox 49 4061 1756 4138; baseline -0.003 -15"><span class='ocrx_word' id='word_1_504' title='bbox 49 4066 128 4123; x_wconf 88' lang='lat' dir='ltr'><strong>lilius</strong></span> <span class='ocrx_word' id='word_1_505' title='bbox 138 4070 292 4123; x_wconf 87' lang='lat' dir='ltr'><strong>nascatur.</strong></span> <span class='ocrx_word' id='word_1_506' title='bbox 303 4064 634 4138; x_wconf 86' lang='lat' dir='ltr'><strong>Sedeumpoataliqnot</strong></span> <span class='ocrx_word' id='word_1_507' title='bbox 646 4080 763 4123; x_wconf 89' lang='lat' dir='ltr'><strong>manses</strong></span> <span class='ocrx_word' id='word_1_508' title='bbox 771 4066 877 4136; x_wconf 89' lang='lat' dir='ltr'><strong>regina</strong></span> <span class='ocrx_word' id='word_1_509' title='bbox 896 4062 917 4118; x_wconf 84' lang='lat' dir='ltr'><strong>B</strong></span> <span class='ocrx_word' id='word_1_510' title='bbox 930 4063 1092 4124; x_wconf 64' lang='lat' dir='ltr'><strong>accudere</strong></span> <span class='ocrx_word' id='word_1_511' title='bbox 1101 4062 1205 4133; x_wconf 87' lang='lat' dir='ltr'><strong>moliti,</strong></span> <span class='ocrx_word' id='word_1_512' title='bbox 1213 4061 1464 4137; x_wconf 85' lang='lat' dir='ltr'><strong>utapieoopalasa</strong></span> <span class='ocrx_word' id='word_1_513' title='bbox 1472 4065 1756 4134; x_wconf 80' lang='lat' dir='ltr'><strong>tergoprotersrent,</strong></span> 
     </span>
     <span class='ocr_line' id='line_1_44' title="bbox 49 4149 1756 4229; baseline -0.003 -17"><span class='ocrx_word' id='word_1_514' title='bbox 49 4154 142 4213; x_wconf 78' lang='lat' dir='ltr'><strong>filiam</strong></span> <span class='ocrx_word' id='word_1_515' title='bbox 154 4161 201 4212; x_wconf 90' lang='lat' dir='ltr'><strong>est</strong></span> <span class='ocrx_word' id='word_1_516' title='bbox 210 4152 464 4226; x_wconf 66' lang='lat' dir='ltr'><strong>enixal’bilippus</strong></span> <span class='ocrx_word' id='word_1_517' title='bbox 473 4152 505 4210; x_wconf 92' lang='lat' dir='ltr'><strong>in</strong></span> <span class='ocrx_word' id='word_1_518' title='bbox 519 4166 613 4223; x_wconf 89' lang='lat' dir='ltr'><strong>ragno</strong></span> <span class='ocrx_word' id='word_1_519' title='bbox 620 4151 778 4211; x_wconf 87' lang='lat' dir='ltr'><strong>stabilitur.</strong></span> <span class='ocrx_word' id='word_1_520' title='bbox 786 4154 875 4212; x_wconf 78' lang='lat' dir='ltr'><strong>faciet.</strong></span> <span class='ocrx_word' id='word_1_521' title='bbox 930 4169 985 4229; x_wconf 86' lang='lat' dir='ltr'><strong>per</strong></span> <span class='ocrx_word' id='word_1_522' title='bbox 998 4153 1137 4211; x_wconf 87' lang='lat' dir='ltr'><strong>lloieusas</strong></span> <span class='ocrx_word' id='word_1_523' title='bbox 1150 4150 1181 4207; x_wconf 92' lang='lat' dir='ltr'><strong>iu</strong></span> <span class='ocrx_word' id='word_1_524' title='bbox 1194 4151 1303 4208; x_wconf 89' lang='lat' dir='ltr'><strong>montis</strong></span> <span class='ocrx_word' id='word_1_525' title='bbox 1318 4151 1476 4208; x_wconf 89' lang='lat' dir='ltr'><strong>cacumine</strong></span> <span class='ocrx_word' id='word_1_526' title='bbox 1489 4150 1604 4224; x_wconf 90' lang='lat' dir='ltr'><strong>positos</strong></span> <span class='ocrx_word' id='word_1_527' title='bbox 1619 4149 1756 4223; x_wconf 91' lang='lat' dir='ltr'><strong>lapidum</strong></span> 
     </span>
     <span class='ocr_line' id='line_1_45' title="bbox 50 4238 1755 4317; baseline -0.002 -20"><span class='ocrx_word' id='word_1_528' title='bbox 50 4243 135 4301; x_wconf 75' lang='lat' dir='ltr'><strong>duno</strong></span> <span class='ocrx_word' id='word_1_529' title='bbox 156 4241 293 4315; x_wconf 73' lang='lat' dir='ltr'><strong>mouenti</strong></span> <span class='ocrx_word' id='word_1_530' title='bbox 306 4244 400 4313; x_wconf 78' lang='lat' dir='ltr'><strong>(tera)</strong></span> <span class='ocrx_word' id='word_1_531' title='bbox 421 4240 694 4300; x_wconf 86' lang='lat' dir='ltr'><strong>lebannesteroius</strong></span> <span class='ocrx_word' id='word_1_532' title='bbox 712 4242 877 4301; x_wconf 88' lang='lat' dir='ltr'><strong>Brabancie</strong></span> <span class='ocrx_word' id='word_1_533' title='bbox 928 4241 1071 4317; x_wconf 84' lang='lat' dir='ltr'><strong>jactibus,</strong></span> <span class='ocrx_word' id='word_1_534' title='bbox 1097 4255 1177 4316; x_wconf 86' lang='lat' dir='ltr'><strong>quos</strong></span> <span class='ocrx_word' id='word_1_535' title='bbox 1201 4238 1340 4297; x_wconf 90' lang='lat' dir='ltr'><strong>mulieres</strong></span> <span class='ocrx_word' id='word_1_536' title='bbox 1365 4238 1541 4305; x_wconf 87' lang='lat' dir='ltr'><strong>afferebant,</strong></span> <span class='ocrx_word' id='word_1_537' title='bbox 1569 4243 1755 4295; x_wconf 82' lang='lat' dir='ltr'><strong>coercentur.</strong></span> 
     </span>
     <span class='ocr_line' id='line_1_46' title="bbox 49 4326 1757 4402; baseline -0.002 -15"><span class='ocrx_word' id='word_1_538' title='bbox 49 4331 104 4389; x_wconf 85' lang='lat' dir='ltr'><strong>dus</strong></span> <span class='ocrx_word' id='word_1_539' title='bbox 116 4335 253 4389; x_wconf 85' lang='lat' dir='ltr'><strong>castrum</strong></span> <span class='ocrx_word' id='word_1_540' title='bbox 279 4330 319 4387; x_wconf 90' lang='lat' dir='ltr'><strong>de</strong></span> <span class='ocrx_word' id='word_1_541' title='bbox 337 4329 528 4388; x_wconf 76' lang='lat' dir='ltr'><strong>falcomonte</strong></span> <span class='ocrx_word' id='word_1_542' title='bbox 542 4330 671 4397; x_wconf 89' lang='lat' dir='ltr'><strong>obsedit,</strong></span> <span class='ocrx_word' id='word_1_543' title='bbox 685 4331 740 4389; x_wconf 88' lang='lat' dir='ltr'><strong>sed</strong></span> <span class='ocrx_word' id='word_1_544' title='bbox 752 4331 878 4390; x_wconf 84' lang='lat' dir='ltr'><strong>interre-</strong></span> <span class='ocrx_word' id='word_1_545' title='bbox 932 4335 1081 4390; x_wconf 84' lang='lat' dir='ltr'><strong>Certatum</strong></span> <span class='ocrx_word' id='word_1_546' title='bbox 1092 4344 1151 4402; x_wconf 89' lang='lat' dir='ltr'><strong>ego</strong></span> <span class='ocrx_word' id='word_1_547' title='bbox 1165 4344 1235 4386; x_wconf 92' lang='lat' dir='ltr'><strong>cum</strong></span> <span class='ocrx_word' id='word_1_548' title='bbox 1258 4326 1333 4384; x_wconf 90' lang='lat' dir='ltr'><strong>forat</strong></span> <span class='ocrx_word' id='word_1_549' title='bbox 1345 4326 1386 4384; x_wconf 91' lang='lat' dir='ltr'><strong>ab</strong></span> <span class='ocrx_word' id='word_1_550' title='bbox 1401 4326 1476 4384; x_wconf 90' lang='lat' dir='ltr'><strong>bora</strong></span> <span class='ocrx_word' id='word_1_551' title='bbox 1488 4326 1585 4401; x_wconf 91' lang='lat' dir='ltr'><strong>prime</strong></span> <span class='ocrx_word' id='word_1_552' title='bbox 1605 4340 1701 4399; x_wconf 80' lang='lat' dir='ltr'><strong>usque</strong></span> <span class='ocrx_word' id='word_1_553' title='bbox 1716 4326 1757 4383; x_wconf 90' lang='lat' dir='ltr'><strong>ad</strong></span> 
     </span>
     <span class='ocr_line' id='line_1_47' title="bbox 49 4413 1757 4494; baseline -0.004 -18"><span class='ocrx_word' id='word_1_554' title='bbox 49 4420 148 4478; x_wconf 91' lang='lat' dir='ltr'><strong>niente</strong></span> <span class='ocrx_word' id='word_1_555' title='bbox 162 4416 327 4477; x_wconf 87' lang='lat' dir='ltr'><strong>eoncordia</strong></span> <span class='ocrx_word' id='word_1_556' title='bbox 344 4419 385 4475; x_wconf 90' lang='lat' dir='ltr'><strong>ab</strong></span> <span class='ocrx_word' id='word_1_557' title='bbox 412 4418 570 4477; x_wconf 89' lang='lat' dir='ltr'><strong>obsidione</strong></span> <span class='ocrx_word' id='word_1_558' title='bbox 597 4418 718 4477; x_wconf 86' lang='lat' dir='ltr'><strong>recedit.</strong></span> <span class='ocrx_word' id='word_1_559' title='bbox 737 4421 877 4494; x_wconf 85' lang='lat' dir='ltr'><strong>Sequenti</strong></span> <span class='ocrx_word' id='word_1_560' title='bbox 932 4435 1056 4488; x_wconf 87' lang='lat' dir='ltr'><strong>nonam,</strong></span> <span class='ocrx_word' id='word_1_561' title='bbox 1072 4418 1196 4476; x_wconf 80' lang='lat' dir='ltr'><strong>victoria</strong></span> <span class='ocrx_word' id='word_1_562' title='bbox 1218 4415 1306 4473; x_wconf 88' lang='lat' dir='ltr'><strong>cessit</strong></span> <span class='ocrx_word' id='word_1_563' title='bbox 1319 4416 1512 4489; x_wconf 67' lang='lat' dir='ltr'><strong>episcopani</strong></span> <span class='ocrx_word' id='word_1_564' title='bbox 1524 4413 1696 4471; x_wconf 89' lang='lat' dir='ltr'><strong>ceciderunt</strong></span> <span class='ocrx_word' id='word_1_565' title='bbox 1717 4413 1757 4471; x_wconf 92' lang='lat' dir='ltr'><strong>ibi</strong></span> 
     </span>
     <span class='ocr_line' id='line_1_48' title="bbox 49 4501 1758 4584; baseline -0.004 -19"><span class='ocrx_word' id='word_1_566' title='bbox 49 4523 118 4565; x_wconf 87' lang='lat' dir='ltr'><strong>vero</strong></span> <span class='ocrx_word' id='word_1_567' title='bbox 132 4521 216 4565; x_wconf 88' lang='lat' dir='ltr'><strong>anno</strong></span> <span class='ocrx_word' id='word_1_568' title='bbox 226 4507 320 4579; x_wconf 74' lang='lat' dir='ltr'><strong>(tiit)</strong></span> <span class='ocrx_word' id='word_1_569' title='bbox 332 4511 464 4565; x_wconf 73' lang='lat' dir='ltr'><strong>omnum</strong></span> <span class='ocrx_word' id='word_1_570' title='bbox 479 4508 585 4565; x_wconf 88' lang='lat' dir='ltr'><strong>iterum</strong></span> <span class='ocrx_word' id='word_1_571' title='bbox 598 4507 719 4566; x_wconf 88' lang='lat' dir='ltr'><strong>obsidet</strong></span> <span class='ocrx_word' id='word_1_572' title='bbox 746 4513 775 4567; x_wconf 91' lang='lat' dir='ltr'><strong>at</strong></span> <span class='ocrx_word' id='word_1_573' title='bbox 786 4524 878 4584; x_wconf 80' lang='lat' dir='ltr'><strong>espu-</strong></span> <span class='ocrx_word' id='word_1_574' title='bbox 931 4526 968 4568; x_wconf 82' lang='lat' dir='ltr'><strong>ex</strong></span> <span class='ocrx_word' id='word_1_575' title='bbox 982 4507 1125 4584; x_wconf 87' lang='lat' dir='ltr'><strong>progenie</strong></span> <span class='ocrx_word' id='word_1_576' title='bbox 1139 4505 1177 4563; x_wconf 91' lang='lat' dir='ltr'><strong>de</strong></span> <span class='ocrx_word' id='word_1_577' title='bbox 1190 4509 1300 4562; x_wconf 75' lang='lat' dir='ltr'><strong>awaus</strong></span> <span class='ocrx_word' id='word_1_578' title='bbox 1312 4507 1342 4561; x_wconf 89' lang='lat' dir='ltr'><strong>et</strong></span> <span class='ocrx_word' id='word_1_579' title='bbox 1355 4505 1517 4561; x_wconf 87' lang='lat' dir='ltr'><strong>flosamont</strong></span> <span class='ocrx_word' id='word_1_580' title='bbox 1528 4516 1599 4558; x_wconf 89' lang='lat' dir='ltr'><strong>cunr</strong></span> <span class='ocrx_word' id='word_1_581' title='bbox 1608 4501 1676 4559; x_wconf 89' lang='lat' dir='ltr'><strong>aliis</strong></span> <span class='ocrx_word' id='word_1_582' title='bbox 1690 4515 1758 4559; x_wconf 89' lang='lat' dir='ltr'><strong>suo·</strong></span> 
     </span>
     <span class='ocr_line' id='line_1_49' title="bbox 50 4590 1756 4671; baseline -0.003 -17"><span class='ocrx_word' id='word_1_583' title='bbox 50 4601 176 4667; x_wconf 84' lang='lat' dir='ltr'><strong>gnatum</strong></span> <span class='ocrx_word' id='word_1_584' title='bbox 188 4592 420 4654; x_wconf 82' lang='lat' dir='ltr'><strong>destruitlacid.</strong></span> <span class='ocrx_word' id='word_1_585' title='bbox 436 4598 573 4666; x_wconf 71' lang='lat' dir='ltr'><strong>[floran</strong></span> <span class='ocrx_word' id='word_1_586' title='bbox 590 4595 645 4671; x_wconf 69' lang='lat' dir='ltr'><strong>tt]</strong></span> <span class='ocrx_word' id='word_1_587' title='bbox 656 4599 740 4656; x_wconf 80' lang='lat' dir='ltr'><strong>duno</strong></span> <span class='ocrx_word' id='word_1_588' title='bbox 759 4598 876 4655; x_wconf 85' lang='lat' dir='ltr'><strong>llornini</strong></span> <span class='ocrx_word' id='word_1_589' title='bbox 931 4614 999 4657; x_wconf 91' lang='lat' dir='ltr'><strong>rum</strong></span> <span class='ocrx_word' id='word_1_590' title='bbox 1011 4590 1691 4658; x_wconf 86' lang='lat' dir='ltr'><strong>iohannesdominusdeilanel‚Balduinusda</strong></span> <span class='ocrx_word' id='word_1_591' title='bbox 1702 4591 1756 4650; x_wconf 84' lang='lat' dir='ltr'><strong>Ge·</strong></span> 
     </span>
     <span class='ocr_line' id='line_1_50' title="bbox 50 4679 1756 4760; baseline -0.002 -21"><span class='ocrx_word' id='word_1_592' title='bbox 50 4687 118 4742; x_wconf 75' lang='lat' dir='ltr'><strong>ttae</strong></span> <span class='ocrx_word' id='word_1_593' title='bbox 132 4683 375 4758; x_wconf 82' lang='lat' dir='ltr'><strong>beodiensesper</strong></span> <span class='ocrx_word' id='word_1_594' title='bbox 388 4685 516 4742; x_wconf 88' lang='lat' dir='ltr'><strong>nuncios</strong></span> <span class='ocrx_word' id='word_1_595' title='bbox 529 4684 707 4743; x_wconf 87' lang='lat' dir='ltr'><strong>lloiensibus</strong></span> <span class='ocrx_word' id='word_1_596' title='bbox 727 4686 877 4760; x_wconf 87' lang='lat' dir='ltr'><strong>imprope·</strong></span> <span class='ocrx_word' id='word_1_597' title='bbox 930 4687 990 4755; x_wconf 90' lang='lat' dir='ltr'><strong>nef,</strong></span> <span class='ocrx_word' id='word_1_598' title='bbox 1012 4685 1144 4743; x_wconf 78' lang='lat' dir='ltr'><strong>amabas</strong></span> <span class='ocrx_word' id='word_1_599' title='bbox 1174 4684 1213 4742; x_wconf 93' lang='lat' dir='ltr'><strong>de</strong></span> <span class='ocrx_word' id='word_1_600' title='bbox 1236 4679 1447 4754; x_wconf 79' lang='lat' dir='ltr'><strong>bovengistier,</strong></span> <span class='ocrx_word' id='word_1_601' title='bbox 1477 4681 1584 4739; x_wconf 90' lang='lat' dir='ltr'><strong>ductor</strong></span> <span class='ocrx_word' id='word_1_602' title='bbox 1610 4680 1756 4739; x_wconf 83' lang='lat' dir='ltr'><strong>exercitus</strong></span> 
     </span>
     <span class='ocr_line' id='line_1_51' title="bbox 50 4768 1754 4850; baseline -0.004 -19"><span class='ocrx_word' id='word_1_603' title='bbox 50 4779 125 4841; x_wconf 86' lang='lat' dir='ltr'><strong>rani,</strong></span> <span class='ocrx_word' id='word_1_604' title='bbox 146 4772 233 4847; x_wconf 88' lang='lat' dir='ltr'><strong>quod</strong></span> <span class='ocrx_word' id='word_1_605' title='bbox 245 4772 346 4831; x_wconf 88' lang='lat' dir='ltr'><strong>literas</strong></span> <span class='ocrx_word' id='word_1_606' title='bbox 364 4772 616 4833; x_wconf 88' lang='lat' dir='ltr'><strong>confederationis</strong></span> <span class='ocrx_word' id='word_1_607' title='bbox 630 4775 707 4833; x_wconf 87' lang='lat' dir='ltr'><strong>iuter</strong></span> <span class='ocrx_word' id='word_1_608' title='bbox 725 4774 876 4834; x_wconf 88' lang='lat' dir='ltr'><strong>civitatem</strong></span> <span class='ocrx_word' id='word_1_609' title='bbox 928 4775 1012 4850; x_wconf 88' lang='lat' dir='ltr'><strong>opidi</strong></span> <span class='ocrx_word' id='word_1_610' title='bbox 1027 4773 1126 4833; x_wconf 85' lang='lat' dir='ltr'><strong>saneti</strong></span> <span class='ocrx_word' id='word_1_611' title='bbox 1133 4770 1290 4838; x_wconf 81' lang='lat' dir='ltr'><strong>frodonis,</strong></span> <span class='ocrx_word' id='word_1_612' title='bbox 1303 4783 1396 4845; x_wconf 87' lang='lat' dir='ltr'><strong>qnam</strong></span> <span class='ocrx_word' id='word_1_613' title='bbox 1404 4769 1566 4843; x_wconf 89' lang='lat' dir='ltr'><strong>episcopus</strong></span> <span class='ocrx_word' id='word_1_614' title='bbox 1584 4768 1754 4843; x_wconf 82' lang='lat' dir='ltr'><strong>exproban-</strong></span> 
     </span>
     <span class='ocr_line' id='line_1_52' title="bbox 50 4856 1753 4936; baseline -0.004 -17"><span class='ocrx_word' id='word_1_615' title='bbox 50 4867 77 4919; x_wconf 85' lang='lat' dir='ltr'><strong>at</strong></span> <span class='ocrx_word' id='word_1_616' title='bbox 89 4861 285 4920; x_wconf 73' lang='grc' dir='ltr'><strong>νὶΙΙυῑιοιιιιι</strong></span> <span class='ocrx_word' id='word_1_617' title='bbox 292 4861 376 4936; x_wconf 92' lang='lat' dir='ltr'><strong>apud</strong></span> <span class='ocrx_word' id='word_1_618' title='bbox 385 4862 461 4920; x_wconf 77' lang='lat' dir='ltr'><strong>fehe</strong></span> <span class='ocrx_word' id='word_1_619' title='bbox 468 4864 563 4921; x_wconf 88' lang='lat' dir='ltr'><strong>factas</strong></span> <span class='ocrx_word' id='word_1_620' title='bbox 570 4864 651 4921; x_wconf 88' lang='lat' dir='ltr'><strong>male</strong></span> <span class='ocrx_word' id='word_1_621' title='bbox 664 4864 825 4931; x_wconf 89' lang='lat' dir='ltr'><strong>tenuisent,</strong></span> <span class='ocrx_word' id='word_1_622' title='bbox 839 4881 875 4922; x_wconf 92' lang='lat' dir='ltr'><strong>eo</strong></span> <span class='ocrx_word' id='word_1_623' title='bbox 929 4863 1102 4923; x_wconf 84' lang='lat' dir='ltr'><strong>lamiacum</strong></span> <span class='ocrx_word' id='word_1_624' title='bbox 1111 4861 1349 4933; x_wconf 79' lang='lat' dir='ltr'><strong>machinaquaar</strong></span> <span class='ocrx_word' id='word_1_625' title='bbox 1356 4871 1450 4917; x_wconf 88' lang='lat' dir='ltr'><strong>mauu</strong></span> <span class='ocrx_word' id='word_1_626' title='bbox 1459 4856 1753 4930; x_wconf 86' lang='lat' dir='ltr'><strong>tenebatprostravit.</strong></span> 
     </span>
     <span class='ocr_line' id='line_1_53' title="bbox 49 4945 1756 5034; baseline -0.004 -25"><span class='ocrx_word' id='word_1_627' title='bbox 49 4949 132 5023; x_wconf 60' lang='lat' dir='ltr'><strong>qum</strong></span> <span class='ocrx_word' id='word_1_628' title='bbox 143 4948 213 5008; x_wconf 89' lang='lat' dir='ltr'><strong>illos</strong></span> <span class='ocrx_word' id='word_1_629' title='bbox 225 4949 274 5023; x_wconf 88' lang='lat' dir='ltr'><strong>qai</strong></span> <span class='ocrx_word' id='word_1_630' title='bbox 300 4965 374 5007; x_wconf 90' lang='lat' dir='ltr'><strong>suos</strong></span> <span class='ocrx_word' id='word_1_631' title='bbox 388 4951 626 5011; x_wconf 85' lang='lat' dir='ltr'><strong>ambassiatores</strong></span> <span class='ocrx_word' id='word_1_632' title='bbox 639 4951 873 5024; x_wconf 74' lang='lat' dir='ltr'><strong>captivaverant,</strong></span> <span class='ocrx_word' id='word_1_633' title='bbox 928 4951 1107 5034; x_wconf 80' lang='lat' dir='ltr'><strong>cecideram</strong></span> <span class='ocrx_word' id='word_1_634' title='bbox 1119 4950 1218 5009; x_wconf 88' lang='lat' dir='ltr'><strong>eciam</strong></span> <span class='ocrx_word' id='word_1_635' title='bbox 1230 4948 1270 5006; x_wconf 92' lang='lat' dir='ltr'><strong>ibi</strong></span> <span class='ocrx_word' id='word_1_636' title='bbox 1284 4948 1371 5007; x_wconf 88' lang='lat' dir='ltr'><strong>multi</strong></span> <span class='ocrx_word' id='word_1_637' title='bbox 1384 4945 1495 5005; x_wconf 89' lang='lat' dir='ltr'><strong>famosi</strong></span> <span class='ocrx_word' id='word_1_638' title='bbox 1506 4945 1659 5017; x_wconf 86' lang='lat' dir='ltr'><strong>armigeri,</strong></span> <span class='ocrx_word' id='word_1_639' title='bbox 1679 4947 1756 5003; x_wconf 88' lang='lat' dir='ltr'><strong>inter</strong></span> 
     </span>
     <span class='ocr_line' id='line_1_54' title="bbox 49 5034 1755 5116; baseline -0.002 -20"><span class='ocrx_word' id='word_1_640' title='bbox 49 5036 252 5097; x_wconf 85' lang='lat' dir='ltr'><strong>libercsiutra</strong></span> <span class='ocrx_word' id='word_1_641' title='bbox 272 5038 399 5113; x_wconf 91' lang='lat' dir='ltr'><strong>opidum</strong></span> <span class='ocrx_word' id='word_1_642' title='bbox 408 5038 536 5098; x_wconf 81' lang='lat' dir='ltr'><strong>Holense</strong></span> <span class='ocrx_word' id='word_1_643' title='bbox 558 5039 732 5099; x_wconf 90' lang='lat' dir='ltr'><strong>deamblare</strong></span> <span class='ocrx_word' id='word_1_644' title='bbox 744 5040 875 5100; x_wconf 90' lang='lat' dir='ltr'><strong>sinerent</strong></span> <span class='ocrx_word' id='word_1_645' title='bbox 927 5057 1006 5116; x_wconf 85' lang='lat' dir='ltr'><strong>quos</strong></span> <span class='ocrx_word' id='word_1_646' title='bbox 1021 5040 1187 5115; x_wconf 81' lang='lat' dir='ltr'><strong>Stephanus</strong></span> <span class='ocrx_word' id='word_1_647' title='bbox 1200 5038 1240 5095; x_wconf 92' lang='lat' dir='ltr'><strong>de</strong></span> <span class='ocrx_word' id='word_1_648' title='bbox 1252 5037 1361 5106; x_wconf 84' lang='lat' dir='ltr'><strong>Zittcrt,</strong></span> <span class='ocrx_word' id='word_1_649' title='bbox 1373 5035 1516 5108; x_wconf 89' lang='lat' dir='ltr'><strong>magister</strong></span> <span class='ocrx_word' id='word_1_650' title='bbox 1529 5034 1755 5094; x_wconf 84' lang='lat' dir='ltr'><strong>communitatis</strong></span> 
     </span>
    </p>
   </div>
   <div class='ocr_carea' id='block_1_4' title="bbox 733 5137 1075 5200">
    <p class='ocr_par' dir='ltr' id='par_1_4' title="bbox 733 5137 1075 5200">
     <span class='ocr_line' id='line_1_55' title="bbox 733 5137 1075 5200; baseline 0.006 -6"><span class='ocrx_word' id='word_1_651' title='bbox 733 5137 850 5197; x_wconf 76' lang='lat' dir='ltr'><strong>Vettidi</strong></span> <span class='ocrx_word' id='word_1_652' title='bbox 875 5140 1075 5200; x_wconf 71' lang='lat' dir='ltr'><strong>tumultus.</strong></span> 
     </span>
    </p>
   </div>
   <div class='ocr_carea' id='block_1_5' title="bbox 854 5280 960 5340">
    <p class='ocr_par' dir='ltr' id='par_1_5' title="bbox 854 5280 960 5340">
     <span class='ocr_line' id='line_1_56' title="bbox 854 5280 960 5340; baseline -0.028 0"><span class='ocrx_word' id='word_1_653' title='bbox 854 5280 960 5340; x_wconf 78' lang='lat' dir='ltr'>NOTAE</span> 
     </span>
    </p>
   </div>
   <div class='ocr_carea' id='block_1_6' title="bbox 52 5374 1483 5660">
    <p class='ocr_par' dir='ltr' id='par_1_6' title="bbox 82 5374 1204 5452">
     <span class='ocr_line' id='line_1_57' title="bbox 82 5374 1204 5452; baseline 0.001 -22"><span class='ocrx_word' id='word_1_654' title='bbox 82 5374 159 5448; x_wconf 75' lang='lat' dir='ltr'><strong>(fit)</strong></span> <span class='ocrx_word' id='word_1_655' title='bbox 180 5374 875 5439; x_wconf 78' lang='lat' dir='ltr'><strong>annotaresisudsttocsemiumettaeobum</strong></span> <span class='ocrx_word' id='word_1_656' title='bbox 968 5380 1032 5452; x_wconf 79' lang='lat' dir='ltr'><strong>(iti</strong></span> <span class='ocrx_word' id='word_1_657' title='bbox 1063 5378 1204 5444; x_wconf 81' lang='lat' dir='ltr'><strong>Quartus.</strong></span> 
     </span>
    </p>

    <p class='ocr_par' dir='ltr' id='par_1_7' title="bbox 52 5444 1483 5660">
     <span class='ocr_line' id='line_1_58' title="bbox 52 5444 1188 5520; baseline 0.001 -18"><span class='ocrx_word' id='word_1_658' title='bbox 52 5444 86 5502; x_wconf 91' lang='lat' dir='ltr'><strong>de</strong></span> <span class='ocrx_word' id='word_1_659' title='bbox 102 5446 299 5503; x_wconf 86' lang='lat' dir='ltr'><strong>flemrioourt.</strong></span> <span class='ocrx_word' id='word_1_660' title='bbox 966 5452 1031 5520; x_wconf 75' lang='lat'><strong>(750</strong></span> <span class='ocrx_word' id='word_1_661' title='bbox 1060 5447 1188 5506; x_wconf 82' lang='lat' dir='ltr'><strong>icauna.</strong></span> 
     </span>
     <span class='ocr_line' id='line_1_59' title="bbox 94 5514 1483 5601; baseline -0.007 -19"><span class='ocrx_word' id='word_1_662' title='bbox 94 5518 159 5582; x_wconf 73' lang='lat' dir='ltr'><strong>itt&gt;</strong></span> <span class='ocrx_word' id='word_1_663' title='bbox 178 5517 305 5599; x_wconf 72' lang='lat' dir='ltr'><strong>iosuae.</strong></span> <span class='ocrx_word' id='word_1_664' title='bbox 440 5587 446 5601; x_wconf 42' lang='lat'><strong>·</strong></span> <span class='ocrx_word' id='word_1_665' title='bbox 529 5588 535 5600; x_wconf 30' lang='grc' dir='ltr'>ι</span> <span class='ocrx_word' id='word_1_666' title='bbox 964 5520 1027 5594; x_wconf 74' lang='lat' dir='ltr'><strong>(ibt</strong></span> <span class='ocrx_word' id='word_1_667' title='bbox 1059 5521 1190 5581; x_wconf 74' lang='lat' dir='ltr'><strong>lorium</strong></span> <span class='ocrx_word' id='word_1_668' title='bbox 1204 5522 1249 5576; x_wconf 92' lang='lat' dir='ltr'><strong>est</strong></span> <span class='ocrx_word' id='word_1_669' title='bbox 1266 5521 1275 5575; x_wconf 91' lang='lat' dir='ltr'><strong>t</strong></span> <span class='ocrx_word' id='word_1_670' title='bbox 1293 5516 1379 5576; x_wconf 73' lang='lat' dir='ltr'><strong>Febr.</strong></span> <span class='ocrx_word' id='word_1_671' title='bbox 1400 5514 1483 5575; x_wconf 75' lang='lat' dir='ltr'><strong>tile.</strong></span> 
     </span>
     <span class='ocr_line' id='line_1_60' title="bbox 95 5585 1147 5660; baseline 0.005 -17"><span class='ocrx_word' id='word_1_672' title='bbox 95 5585 622 5660; x_wconf 21' lang='lat' dir='ltr'><strong>ittlecrrcbsgueleodrovicrnum.</strong></span> <span class='ocrx_word' id='word_1_673' title='bbox 831 5600 852 5626; x_wconf 68' lang='lat'><strong>‘¹</strong></span> <span class='ocrx_word' id='word_1_674' title='bbox 1144 5637 1147 5648; x_wconf 90' lang='lat'><em>.</em></span> 
     </span>
    </p>
   </div>
   <div class='ocr_carea' id='block_1_7' title="bbox 83 5207 204 5265">
    <p class='ocr_par' dir='ltr' id='par_1_8' title="bbox 83 5207 204 5265">
     <span class='ocr_line' id='line_1_61' title="bbox 83 5207 204 5265; baseline -0.008 0"><span class='ocrx_word' id='word_1_675' title='bbox 83 5208 152 5265; x_wconf 66' lang='lat' dir='ltr'><strong>“ist</strong></span> <span class='ocrx_word' id='word_1_676' title='bbox 168 5207 204 5264; x_wconf 73' lang='grc' dir='ltr'><strong>ι’.</strong></span> 
     </span>
    </p>
   </div>
   <div class='ocr_carea' id='block_1_8' title="bbox 0 0 1957 6050">
    <p class='ocr_par' dir='ltr' id='par_1_9' title="bbox 0 0 1957 6050">
     <span class='ocr_line' id='line_1_62' title="bbox 0 0 1957 6050; baseline 0 0"><span class='ocrx_word' id='word_1_677' title='bbox 0 0 1957 6050; x_wconf 95' lang='lat' dir='ltr'><strong> </strong></span> 
     </span>
    </p>
   </div>
  </div>
 </body>
</html>
