3884 6050
61 260 138 327 lcii
666 255 836 326 nisroail
857 251 1160 324 unniomransis.
1543 229 1562 322 '.
1684 266 1760 331 isis

56 396 143 454 simili
158 395 250 453 modo
261 396 454 467 megravavit
482 401 513 454 ut
544 398 702 470 terdenus,
732 395 793 452 iere
813 391 881 466 quia
896 394 921 454 Α
936 389 1048 447 01iiciis
1062 391 1094 448 in
1105 391 1177 451 feria
1189 392 1332 464 secunda,
1351 408 1414 469 qua
1434 391 1565 468 incoepta
1576 397 1762 460 etcechrata

54 486 102 542 hic
116 485 146 541 in
161 484 315 541 communi
331 485 475 553 officio,et
486 485 632 543 beneficio
642 501 711 543 cum
721 479 879 541 ordinariis
935 476 991 534 luit
1017 481 1141 552 synoda,
1167 482 1233 540 loco
1266 487 1523 556 vacantemque
1558 484 1590 541 in
1637 487 1759 560 palatio,

54 574 268 631 eldecumanis
280 575 459 648 presbyteris
484 590 546 631 non
575 574 733 641 prohibuit.
751 572 881 652 'Verum-
935 570 1359 645 nequeinsynodoapparuit.
1383 573 1520 643 Synodus
1547 589 1618 631 vero
1645 577 1761 635 tuncin

55 661 880 736 tamenilloOliicoarchiepiscoposedenteinRomatunc
936 658 1019 712 tertia
1030 655 1100 714 ieria
1110 659 1609 718 nonfuittetidemMediolanensis
1619 663 1760 736 palatium

55 766 125 807 cum
144 767 223 823 papa
238 751 542 824 calixtussynodeum
556 749 827 812 Romiecelebravit
841 747 878 816 (4)
934 759 994 800 non
1010 743 1149 813 intravit3
1166 747 1259 804 sedin
1275 753 1383 822 quarta
1396 747 1469 804 leria
1483 748 1552 805 dum
1565 752 1696 824 synodus
1713 769 1760 812 cc·

56 854 111 909 ego
126 839 165 896 ab
179 839 303 896 ecclesia
314 856 383 897 mea
396 842 571 898 exturbatus
596 847 625 897 ct
647 838 777 913 propriis
805 836 880 892 meis
934 831 1049 891 lebrata
1061 833 1125 903 luit,
1141 835 1254 893 Olricus
1271 836 1346 892 idem
1362 836 1591 894 Mediolanensis
1617 840 1761 916 archicpi-

55 928 143 983 rcbus
159 933 187 983 et
198 928 310 985 allodiis
323 928 516 999 exspoliatus,
540 945 642 986 corani
668 931 700 986 lt.
724 942 803 1000 papa
824 924 879 981 Ca·
935 923 1089 994 scopusad
1100 923 1605 998 dexteramapostoliciGclixtinuMo
1616 930 1760 989 mediante

56 1016 136 1086 tiata,
151 1016 361 1089 eiusquecuria
372 1018 548 1074 consedente
567 1017 597 1073 in
623 1013 815 1073 lateranensi
829 1028 881 1086 pa·
934 1009 1018 1066 sedit.

56 1105 259 1162 laliocausam
271 1120 369 1164 ineam
383 1104 483 1161 notavi
494 1105 523 1162 et
533 1110 564 1161 ut
580 1120 648 1161 eam
662 1100 879 1176 explicaremin
1218 1101 1332 1158 CAPUT
1352 1101 1475 1158 xxxvii.

56 1193 168 1265 synodo
182 1192 331 1264 synodum
357 1193 472 1249 intravi.
502 1193 534 1249 ln
555 1208 615 1265 qua
643 1192 759 1263 synodo
784 1189 880 1261 gralia
933 1204 1418 1278 fflgiommmimpmporem‚
1448 1208 1490 1264 aa
1514 1223 1597 1280 quem
1620 1215 1760 1296 mem

54 1281 184 1354 antiquie
199 1281 365 1338 honestatis
377 1281 607 1338 Mediolanensis
622 1279 756 1337 Ecclesia
778 1278 830 1350 (5),
852 1279 881 1334 et
969 1275 1153 1360 defunctum..
1173 1277 1287 1334 Otricai
1301 1278 1436 1336 moriter.
1461 1280 1617 1339 anselmus
1638 1285 1760 1356 elicitur

54 1371 309 1443 condiscipulatus
319 1370 454 1444 ejusdem
467 1369 553 1428 Olrici
570 1369 657 1427 valde
672 1367 813 1426 condolui
841 1366 880 1423 de
969 1364 1000 1401 ”¹
1017 1349 1279 1420 ⁰r⁶h²⁶i¹³⁶⁰lltlm·

54 1458 281 1533 perturbatione,
292 1474 385 1532 quam
395 1461 551 1515 Ravennae
572 1458 810 1531 archiepiscopus
834 1455 890 1537 (ιι-Ι
970 1458 1032 1526 ligo
1045 1454 1355 1525 exspectansalteram
1368 1455 1445 1513 diem
1456 1457 1679 1518 convenientem
1687 1478 1760 1522 meaa

52 1547 231 1606 ciebatsibi.
253 1547 395 1603 Poscebat
411 1547 491 1603 enim
519 1548 678 1604 Ravennae
701 1547 803 1603 locum
836 1560 879 1600 se·
934 1543 1757 1621 causaemeaequequerelae,exinprovisovidi,ctaudivi,

50 1637 142 1694 dendi
156 1636 184 1692 in
198 1637 313 1708 synodo
326 1637 363 1693 ad
378 1635 532 1696 dexteram
555 1635 706 1708 apostolici
720 1633 802 1690 nullo
819 1647 879 1689 mc·
934 1630 1016 1705 quod
1023 1631 1344 1703 dominuspapagratia
1353 1634 1550 1691 consecrandi
1561 1635 1756 1709 altareilldis·

51 1726 160 1792 diantc,
171 1742 262 1798 quem
272 1723 374 1782 locum
387 1724 584 1781 Grossulanus
605 1724 736 1798 possedit
760 1727 879 1795 quando
895 1741 918 1800 B
934 1720 1020 1777 solvit
1032 1719 1182 1793 synodum
1198 1720 1226 1775 iu
1236 1720 1303 1792 ipsa
1313 1719 1361 1776 die
1376 1721 1508 1777 Mercurii
1520 1737 1576 1778 nec
1593 1724 1669 1782 ultra
1676 1727 1715 1784 ab
1722 1745 1758 1787 eo

51 1816 200 1870 restitutus
234 1814 287 1869 luit
318 1814 358 1883 (t)
386 1813 536 1869 Jordanus
559 1828 692 1884 quoque.
722 1811 773 1883 qui
797 1812 881 1870 Gros·
935 1808 1084 1882 synodum
1099 1807 1243 1864 celebrari
1258 1808 1368 1875 audivi,
1378 1824 1432 1866 nec
1442 1809 1512 1866 vidi.
1529 1811 1586 1869 Sed
1596 1817 1759 1883 speransin

54 1901 162 1958 sulano
175 1900 463 1957 successiteumdem
472 1899 882 1972 locumbabuit.Tuncqiiand
936 1896 1422 1969 ltominopersansiquoddominus
1438 1898 1552 1956 Olricus
1566 1902 1759 1962 Mediolanen-

56 1990 136 2048 idem
165 1990 363 2047 Grossulanus
385 1989 521 2045 eumdem
549 1987 714 2044 Jordanuin
731 1987 882 2061 deponere
936 1985 1228 2058 sisarchiepiscopus
1245 1991 1330 2057 prout
1350 1987 1477 2044 moriset
1490 1986 1565 2060 legis
1574 1994 1760 2052 consuetudo

56 2077 172 2135 studuit
185 2078 234 2151 (7).
251 2078 310 2134 Hac
323 2076 420 2150 itaque
432 2077 546 2132 ratione
561 2082 588 2132 et
607 2075 708 2132 multis
725 2074 789 2131 aliis
816 2091 882 2148 quie
936 2075 1026 2146 exigit
1035 2073 1070 2134 (2)
1080 2090 1134 2146 pro
1144 2089 1213 2145 rege
1226 2074 1349 2132 ilenrico
1357 2077 1451 2134 oravit
1467 2078 1759 2141 eteiramosl’alma·

56 2172 128 2223 tunc
140 2167 169 2223 in
186 2167 331 2224 memoria
342 2164 595 2222 nonhabcbantur
606 2165 642 2230 (8)
659 2162 882 2222 dominusolri·
935 2162 1762 2234 rumperlandrianensemThealdumMediolanensislic·

56 2252 882 2327 cusMediolanensisarchiepiscopuslocumillumobti·
935 2249 1760 2330 clesiascgrcgiumnotariuminGcrmaniammisit.Ego

54 2355 127 2401 nere
140 2359 201 2400 non
215 2342 372 2400 dubitavit.
388 2342 445 2398 Sed
463 2347 566 2400 tamen
580 2341 644 2415 ipse
658 2340 881 2398 Mediolanensis
935 2339 1036 2413 itaque
1042 2339 1115 2395 utad
1124 2338 1332 2412 ipsumragam
1338 2341 1595 2412 pervenirem,etei
1601 2344 1761 2419 sicutpatri

41 2535 45 2542 ’
91 2546 132 2620 (4)
146 2544 303 2603 Concilium
317 2543 371 2600 hoc
385 2543 724 2616 generaleLateranense
752 2545 882 2615 primum
935 2543 1024 2601 trahit
1038 2540 1205 2599 Puricellius
1225 2541 1255 2597 in
1273 2542 1348 2597 Man.
1364 2543 1425 2599 bas.
1449 2544 1551 2600 ambr.
1580 2559 1662 2603 num,
1677 2548 1759 2619 3³43

56 2635 134 2675 anno
155 2617 222 2672 liti
238 2616 377 2671 Baronius
396 2614 511 2681 aidxit3
527 2616 656 2687 sequenti
689 2621 789 2672 tamen
804 2632 882 2672 anno
935 2612 1211 2687 grandioribusidea
1228 2612 1331 2668 litteris
1339 2612 1414 2670 banc
1426 2614 1588 2688 landulphi
1597 2619 1758 2690 periodum,

55 2690 128 2745 liae
141 2687 316 2743 celebratum
329 2686 415 2742 luisse
438 2704 473 2741 xv
494 2686 559 2741 Mal.
582 2685 686 2757 aprilis
707 2702 741 2742 ex
756 2687 882 2759 antiquis
936 2702 996 2741 non
1011 2699 1125 2740 secusne
1144 2686 1263 2739 alteram
1282 2684 1317 2739 de
1336 2686 1400 2740 sede
1415 2685 1452 2740 ad
1472 2687 1620 2744 dexteram
1652 2691 1761 2748 summi

56 2760 114 2817 scri
136 2759 244 2813 toribus
260 2757 365 2812 evincit
384 2757 484 2828 Pagius
504 2758 541 2812 ad
573 2756 649 2812 bunc
672 2773 741 2812 ann.
761 2773 841 2812 puin.
859 2757 881 2813 l.
936 2756 1078 2829 pontilicis
1091 2760 1190 2809 conha
1204 2754 1331 2826 archiep.
1344 2756 1541 2812 Ravennatem
1562 2760 1691 2829 obtenta,
1707 2762 1760 2819 im·

95 2778 134 2902 (ὃς
147 2831 273 2900 Dignilas
289 2827 428 2899 primatus
441 2827 572 2883 Ecclesiae
599 2827 819 2883 Mediolanensis
837 2845 883 2883 su·
936 2827 1023 2900 primi
1036 2841 1149 2882 curans.
1164 2826 1297 2881 Fortasse
1309 2827 1419 2897 opinari
1434 2827 1609 2899 quisposset,
1622 2835 1760 2902 quemad·

59 2905 249 2974 pracaeleras,
262 2904 326 2970 post
340 2900 512 2964 Romanam,
534 2897 622 2954 ltaliae
648 2898 785 2954 Ecclesiae
806 2915 884 2955 com-
937 2899 1056 2954 modum
1076 2896 1761 2973 mosantiquusobtinuit,utRomannipontifices

58 2974 181 3045 probata
201 2970 260 3026 ‘ani
277 2970 370 3027 luerat
385 2986 473 3042 usque
488 2972 525 3025 ab
541 2985 618 3025 anno
638 2971 700 3038 501,
732 2970 793 3026 let
809 2975 836 3029 3,
852 2970 882 3026 in
937 2984 1162 3025 aureamrosam
1188 2973 1291 3040 quarta
1309 2969 1536 3051 quadragesimas
1549 2971 1699 3029 [lominica
1718 2990 1761 3032 sc·

58 3045 149 3099 tribus
169 2987 368 3113 aiymmacnc
393 3058 508 3097 summo
523 3041 655 3113 pontifice
673 3041 791 3121 synodis
811 3042 883 3097 cele·
937 3039 1028 3122 lemni
1039 3040 1094 3122 ritu
1110 3039 1289 3121 benedictam
1311 3039 1485 3123 principibus
1509 3042 1578 3099 viris
1597 3045 1675 3100 dono
1694 3046 1761 3102 mit·

58 3114 158 3179 brutis,
179 3113 280 3184 quibus
292 3113 410 3195 praeiuit
429 3112 597 3168 Laurentius
619 3112 769 3167 Mediolani
788 3111 882 3168 archi·
898 3095 922 3158 C
937 3116 1011 3181 tant,
1022 3115 1064 3193 ita
1075 3115 1149 3167 inter
1165 3110 1276 3182 reliqua
1301 3111 1498 3169 ambrosianas
1518 3113 1644 3172 Ecclesia
1657 3116 1762 3174 decora

58 3186 218 3258 episcopus,
257 3200 423 3255 primusque
453 3182 583 3238 omnium
614 3187 643 3237 et
675 3187 741 3239 ante
774 3183 882 3254 episco·
937 3182 992 3238 hoc
1013 3186 1100 3237 etiam
1126 3185 1376 3247 connumeratum,
1404 3186 1435 3238 ut
1466 3185 1616 3254 praemissa
1646 3203 1760 3258 precum

79 3274 126 3312 nm
153 3258 349 3312 Ravennatem
376 3253 552 3324 subscripsit,
576 3258 607 3308 ut
634 3252 722 3308 videri
746 3254 883 3325 potestin
937 3252 1102 3309 celebritate
1112 3251 1221 3308 lustrali
1233 3268 1308 3324 aqua
1321 3253 1547 3325 conspersirami
1560 3256 1761 3316 Palmarumm

58 3275 306 3383 [abbeoiomlv
326 3325 513 3382 conciliorum
539 3325 575 3379 ad
600 3324 748 3394 predictos
773 3341 878 3382 anuos.
936 3323 1041 3379 Cesari
1056 3337 1170 3378 sacrum
1182 3339 1288 3379 muniis
1299 3323 1521 3381 destinarentur.
1545 3332 1680 3385 Attamen
1695 3345 1761 3386 cnm
1820 3370 1824 3373 -

58 3398 182 3458 Censule
193 3397 390 3467 puricellium,
405 3396 453 3479 qui
468 3395 497 3450 iu
512 3394 578 3451 Vita
606 3395 736 3467 ejusdem
760 3395 883 3451 Lauren·
937 3394 1085 3462 Beroldus,
1099 3393 1201 3449 horum
1216 3395 1510 3477 temporumscriptor
1523 3398 1628 3470 saepius
1641 3400 1760 3467 relatus,

58 3469 91 3525 tii
105 3469 168 3524 fuse
185 3468 260 3523 hanc
275 3471 491 3541 prerogativam
505 3471 611 3521 nostres
635 3465 763 3521 Ecclesia
782 3471 883 3522 contra
935 3469 1025 3522 ritum
1035 3480 1151 3520 omnem
1168 3465 1325 3521 Domimcae
1343 3465 1519 3533 Primatum,
1536 3486 1569 3524 ac
1583 3469 1762 3544 reliquarum

59 3537 880 3663 liubeumproRavennalibuppugnantemdrmitcapdl.
937 3536 1126 3595 festivitatum
1139 3536 1311 3601 describens,
1331 3542 1455 3593 mortem
1468 3536 1623 3598 huucadeo
1638 3542 1762 3614 splendi-

96 3610 232 3679 (tilliano
261 3608 391 3664 videlicet
418 3616 445 3664 ll
514 3624 569 3689 quo
590 3608 775 3665 Paschalisll
799 3626 812 3663 s
833 3624 881 3663 no·
936 3607 1006 3664 dum
1018 3608 1131 3663 silentio
1144 3611 1304 3677 pretereat,
1324 3606 1404 3663 inani
1414 3608 1490 3663 dicto
1509 3626 1630 3668 onerare
1641 3613 1761 3685 gloriam

59 3682 124 3737 dum
145 3680 243 3735 Rornae
259 3676 369 3741 habuit,
385 3682 415 3732 nt
432 3693 562 3749 superius
577 3682 679 3733 contra
698 3626 883 3734 Purioeliinm
937 3683 1067 3734 nostram
1087 3693 1145 3731 nan
1161 3677 1253 3732 ausin.
1267 3677 1352 3735 Certe
1362 3677 1391 3731 in
1403 3694 1454 3733 usu
1470 3678 1557 3736 inisse
1568 3684 1761 3752 superioribus

59 3750 184 3809 eundem
204 3764 281 3803 anno
302 3749 370 3803 1103
384 3748 516 3819 ligantem
529 3748 592 3819 jam
606 3747 740 3804 diximus.
937 3747 1057 3811 saeculis,
1073 3753 1105 3802 ut
1119 3747 1193 3801 rami
1218 3746 1385 3827 Palmarum
1398 3749 1435 3802 ad
1448 3748 1654 3831 imperatorem
1667 3754 1763 3811 mitte·

60 3822 136 3949 HQ
146 3818 656 3946 anppctinpliasynodolalpueodppu
669 3818 884 3875 Paschalianno
938 3817 1240 3945 rppltauphlsipcaunlppstuip
1255 3819 1352 3943 poppis1¹
1352 3817 1551 3946 tpgtkmopipm
1587 3823 1762 3948 τιωὶοτίιερῑ.

146 3907 298 3956 caerae,
329 3907 344 3946 e
375 3906 516 3945 uarecoe
586 3930 592 3941 .
646 3930 653 3945 .
938 3907 952 3945 s
1432 3907 1465 3945 ar
1515 3908 1545 3946 m
1578 3910 1760 3951 avumim.

96 3964 135 4035 (8)
157 3963 185 4018 ld
199 3961 338 4033 precipue
349 3905 651 4015 iiicmoianonmperai
675 3961 752 4031 quod
783 3960 885 4016 druul-
938 3961 1015 4044 apud
1030 3961 1174 4019 labbeum
1191 3904 1259 4014 igni).
1275 3959 1315 4014 lX
1330 3960 1450 4026 Concil„
1478 3962 1521 4018 col
1538 3965 1571 4020 28
1587 3966 1686 4033 relata,
1699 3913 1762 4039 qiia

60 4034 136 4108 pbus
148 4038 228 4089 tomo
242 4033 276 4089 lV
292 4032 442 4104 praesentis
465 4029 640 4085 collectionis
669 4030 762 4088 editus
775 4038 883 4098 narrat,
938 4049 980 4088 sie
992 4030 1108 4101 incipit:
1127 4051 1138 4080 i
1160 4030 1236 4086 luter
1248 4036 1360 4098 cererin
1386 4048 1451 4103 quae
1469 4049 1537 4089 vera
1561 4043 1705 4095 crescente
1719 4054 1762 4095 re·

60 4105 204 4171 videlicet,
216 4121 281 4159 cuin
304 4104 401 4158 licinia
425 4100 565 4172 imperiali
581 4101 745 4157 diademate
764 4119 885 4174 praesen·
939 4103 1096 4174 ligioneob
1129 4101 1198 4156 clim
1232 4100 1512 4160 eeclesiasticalacta
1540 4114 1634 4163 vestra
1664 4108 1762 4180 pietati

60 4178 172 4248 gendus
187 4175 260 4230 leret
272 4175 420 4230 conradus
435 4175 525 4243 (anna
536 4172 631 4227 sieculi
644 4173 830 4244 praecedentis
839 4175 886 4244 ai)
939 4173 1074 4229 duximus
1090 4171 1262 4239 intimanda,
1271 4172 1426 4229 virentium
1435 4175 1514 4231 vobis
1523 4177 1687 4234 Palmarum
1698 4196 1763 4237 ecce

60 4248 253 4304 contendente
266 4246 432 4300 Ravennate
450 4243 651 4314 archipresule
669 4244 782 4300 Medici.
808 4243 885 4301 Meri·
939 4243 1278 4307 bravium‚muttimus;»
1290 4243 1516 4302 elindecursut«
1529 4247 1762 4319 Optantesenim,

60 4321 172 4375 bertoa
195 4319 232 4372 ud
246 4332 320 4372 suin.
361 4315 503 4371 ontiilcem
517 4316 641 4370 dexterae
653 4315 804 4381 honorem,
829 4320 886 4371 sta·
939 4332 990 4371 vos
1004 4316 1039 4371 de
1053 4313 1162 4370 cunctis
1171 4313 1342 4369 adversariis
1369 4315 1558 4389 triumphare,
1585 4319 1655 4375 nibil
1669 4320 1764 4391 aptius

62 4394 157 4445 tutum
174 4335 262 4443 inissa
276 4388 305 4441 in
321 4334 532 4466 pienasynoao,
548 4406 563 4436 a
582 4389 614 4440 ut
626 4385 785 4465 ⁴llavennas
806 4385 885 4468 nullo
940 4386 1030 4451 robis,
1043 4401 1130 4457 quain
1138 4400 1235 4467 ramos
1245 4384 1407 4441 Palmarnm
1414 4387 1546 4445 duximus
1555 4391 1761 4448 offerendum.»

61 4460 150 4516 modo
164 4460 194 4514 in
213 4463 353 4516 aeternum
370 4475 400 4513 se
428 4457 633 4514 Mediolanensi
654 4457 803 4527 preferret
811 4463 884 4513 anti·
904 4453 998 4515 licui
1012 4460 1107 4513 autern
1124 4455 1233 4513 olricus
1248 4455 1405 4513 nosterhoc
1416 4461 1620 4517 tantummodo
1633 4466 1691 4518 tem
1714 4478 1764 4520 cre

61 4530 133 4587 stili.
147 4551 161 4582 n
941 4529 1053 4584 dicatur
1081 4542 1113 4582 ro
1124 4527 1244 4582 ilenrico
1257 4543 1365 4591 orasse,
1378 4530 1517 4600 etpalmae
1535 4532 1642 4587 donum
1657 4480 1764 4590 deferri

99 4602 139 4671 (9)
159 4601 197 4656 [tx
216 4599 270 4655 hoc
290 4597 450 4670 Landulphi
470 4597 559 4654 nostri
588 4595 651 4654 loco
678 4612 789 4652 morem
801 4597 886 4668 inge·
941 4600 979 4655 ad
987 4545 1121 4654 eumdem
1137 4597 1289 4662 curavisse,
1302 4598 1366 4654 ideo
1378 4600 1546 4657 crediderim
1557 4602 1675 4668 lactum,
1685 4604 1764 4676 quod

62 4671 209 4729 neralihus
222 4670 338 4743 synodis
356 4673 512 4734 servatum,
526 4684 563 4724 ne
578 4684 705 4740 unquam
722 4668 821 4724 diebus
835 4670 888 4724 Dc-
941 4669 1099 4741 imperator
1110 4668 1157 4724 ille
1172 4668 1320 4726 retroactis
1332 4669 1416 4725 annis
1435 4670 1464 4726 in
1480 4672 1633 4729 schismate
1655 4673 1761 4743 iuerat,

63 4744 178 4799 minicia
187 4742 281 4814 prima
294 4743 383 4797 sessio
397 4741 578 4813 inciperetur,
600 4738 703 4812 Pagius
735 4739 888 4796 confirmat
941 4740 1206 4811 atqueideoeliam
1222 4739 1332 4794 Olricus
1354 4741 1476 4797 Calliste
1503 4743 1540 4812 ll,
1566 4761 1633 4800 vcro
1659 4745 1764 4803 Christi
1804 4770 1807 4773 ·

64 4830 146 4870 auin.
162 4814 174 4868 l
189 4814 225 4869 ad
241 4828 309 4868 ann.
323 4812 405 4868 liae.
941 4810 1059 4879 vicario,
1075 4811 1235 4878 adherens,
1248 4812 1418 4867 eumdemin
1430 4812 1517 4868 ltalia
1532 4830 1627 4887 regem
1644 4816 1764 4885 minime

100 4884 422 4954 maxillam-ii)
452 4881 541 4942 Ccrd.
571 4884 695 4952 aragon.
712 4880 816 4936 inVita
834 4881 884 4936 Ca·
940 4883 1145 4953 recognoverit.
1173 4886 1244 4938 llum
1277 4881 1362 4963 igitur
1382 4883 1411 4937 in
1440 4885 1549 4954 syuodo
1578 4886 1765 4944 Lateranensi

63 4956 127 5012 lirti
137 4956 171 5022 ll,
186 4960 265 5011 tomo
285 4955 318 5009 lll
331 4953 416 5027 hujus
434 4950 611 5009 collectionis
629 4951 707 5008 edila
721 4951 765 5008 hie
780 4952 885 5008 babet:
940 4954 1017 5008 inter
1030 4951 1224 5009 sacerdotium
1234 4957 1262 5007 et
1285 4953 1438 5022 imperium
1460 4954 1577 5011 firmata
1598 4974 1654 5029 pax
1668 4960 1763 5015 inerit.

64 5050 78 5079 a
92 5027 141 5083 llis
160 5025 382 5083 aiundamento
412 5023 571 5080 construxit
599 5024 628 5078 in
649 5022 756 5093 palatio
775 5024 887 5079 Latera·
941 5028 969 5080 et
987 5024 1116 5080 restituto
1131 5022 1159 5077 in
1173 5022 1304 5083 Ecclesiae
1316 5023 1523 5095 Romgratiam
1536 5028 1656 5084 ilenrico
1669 5029 1766 5087 nullus

63 5093 886 5169 nansicapellamS.Nycolai,adassiduumllomanorurn
937 5093 1253 5168 jamobexadessctiis
1279 5095 1457 5166 peragendis,
1482 5113 1547 5177 quae
1562 5116 1628 5167 mos,
1656 5101 1766 5173 ellepis

63 5168 231 5242 pontificum
244 5183 337 5224 usum.
356 5186 370 5217 r
396 5168 459 5224 Hoc
471 5167 568 5236 itaque
583 5164 670 5219 tuisse
689 5163 790 5230 altare,
806 5166 887 5237 cujus
941 5165 1105 5223 consuetude
1132 5164 1273 5236 erigebat‘
1292 5165 1404 5220 muneri
1437 5171 1536 5224 statim
1563 5187 1615 5226 suo
1627 5172 1768 5229 satisfecit

63 5239 251 5297 consecrandi
266 5238 359 5310 gratia
378 5239 519 5309 synodum
536 5236 563 5289 in
585 5236 688 5291 eodeni
708 5234 815 5306 palatio
842 5252 888 5291 co·
942 5237 1068 5308 archiep.
1090 5240 1197 5298 noster.
1215 5233 1327 5306 publice
1351 5252 1401 5307 pro
1423 5236 1487 5310 ipso
1519 5241 1556 5296 ad
1582 5258 1648 5299 aras
1670 5259 1767 5315 preces

63 5317 160 5370 actam
180 5310 319 5375 dissolvit,
333 5307 414 5363 valde
429 5305 590 5363 verosimile
603 5310 655 5362 est.
942 5308 1102 5371 effundens,
1117 5305 1277 5388 mittcnque
1287 5308 1324 5363 ad
1339 5309 1462 5366 eundem
1478 5327 1574 5371 ramos
1588 5313 1766 5380 Palmarum,

103 5383 141 5453 ib)
155 5384 224 5449 Quia
235 5380 320 5437 luerit
331 5380 376 5435 lex
391 5379 455 5445 isla,
487 5382 536 5435 aut
549 5376 734 5445 consuetudo,
751 5375 832 5449 cujus
847 5375 888 5431 iu·
942 5379 1044 5450 quibus
1059 5378 1169 5450 regiam
1181 5376 1269 5434 italici
1281 5376 1670 5458 imperiidiguitalcminipso
1683 5388 1769 5441 testa·

62 5460 192 5513 veterato
208 5470 258 5509 usu
268 5447 686 5522 archiepiscopoMediolanensi
700 5463 804 5503 munna
819 5447 889 5503 illud
942 5453 1030 5515 retur,
1045 5449 1187 5521 slmulque
1204 5447 1327 5505 leciiium
1341 5457 1493 5510 eventuum
1508 5473 1593 5514 omen
1606 5457 1767 5539 praestaret,

64 5526 254 5591 incumberet,
272 5528 303 5579 ut
325 5521 598 5578 ramosl'almnrum
624 5521 659 5574 ad
686 5521 889 5591 imperatorem
943 5521 1187 5594 quemadmodum
1203 5520 1300 5578 oderri
1330 5522 1438 5582 almam
1449 5525 1768 5603 Gallian‚rcgibus‚cuia

66 5597 287 5661 transmitteret,
304 5610 337 5650 ei
352 5591 480 5649 historiis
503 5590 608 5651 nostris
628 5590 723 5664 colligi
736 5589 843 5663 nequit.
859 5590 891 5674 ld
943 5593 1039 5669 primo
1053 5590 1158 5651 solium
1171 5592 1295 5681 adirent,
1308 5538 1480 5657 fitemini
1498 5599 1598 5666 tradit,

65 5668 99 5759 ic
117 5668 258 5733 bonorem
269 5666 508 5759 splendoremque
526 5661 660 5755 Ecclesia
673 5661 891 5731 Mediolanensi
