3884 6050
18 285 96 348 ΗΠ
757 281 979 348 cnaoulcou.
1651 282 1727 343 illa

18 414 93 482 Quid
118 414 235 473 multa?
267 415 413 473 erumnis
439 431 513 474 voce
537 416 673 488 pulsatur
703 418 852 490 quatenus
868 418 891 479 Α
907 412 1037 488 nihilque
1052 414 1232 485 fugientibus
1246 413 1347 472 auxilii
1365 412 1483 479 accidit,
1499 427 1567 468 cum
1578 412 1643 483 jam
1652 411 1731 479 talis,

17 501 112 559 omnis
125 502 289 560 excercitus
304 503 344 560 ad
359 503 492 577 praelium
502 510 677 562 armaretur.
697 502 852 574 Confestim
907 504 1220 576 tantaquevictoriaab
1227 503 1341 560 excelso
1350 500 1510 558 Salvatoris
1524 499 1599 556 solio
1607 501 1732 573 principi

17 591 258 665 armisacceptis,
270 591 562 664 armaticoramrege
574 608 740 667 apparuere
748 611 758 664 3
772 591 851 648 illico
906 596 935 648 et
945 591 1046 649 comiti
1064 599 1130 651 orta
1144 597 1199 653 est.
1216 596 1274 650 Rex
1290 593 1380 664 igitur
1395 589 1435 646 sie
1450 605 1534 654 suos,
1547 588 1623 646 ultra
1638 606 1731 662 quam

17 693 69 736 rex
83 679 158 752 ipse,
169 685 201 736 ut
213 680 396 746 audirimus,
409 685 475 738 octo
491 680 571 739 acies
581 682 709 739 militum
731 695 852 737 suorum
905 680 1104 753 credipotest,
1122 679 1441 754 rugientemquem,
1463 677 1581 734 hastam
1601 678 1730 750 projicit;

17 773 46 825 et
61 768 192 839 peditum
213 772 399 842 pugnaturus
414 769 519 827 divisit
532 788 539 827 :
552 772 664 843 quibus
675 771 716 827 ita
748 768 851 826 diuisis
905 768 943 825 de
955 770 1020 825 sola
1030 769 1102 842 fuga
1114 775 1142 826 et
1157 771 1217 827 rita
1230 768 1427 826 custodienda
1437 765 1598 837 cogitabat,
1609 772 1638 823 et
1650 783 1731 840 equo

17 856 201 914 adinvicem
223 857 446 932 applicuerunt.
473 860 604 925 Quantas
629 858 780 932 lacrymas
810 857 851 914 ab
904 857 1032 914 mirabili
1047 874 1137 931 quem
1146 856 1370 931 supersedebat,
1381 855 1538 919 concitato,
1557 857 1590 910 ut
1601 853 1731 912 auditum

17 951 145 1020 utraque
157 951 238 1019 parte
248 952 443 1017 armatorum,
459 946 558 1015 lector,
574 949 598 1005 si
613 950 741 1013 adesses,
773 947 851 1019 aspi·
904 950 951 1002 est
963 951 1093 1019 quatuor
1107 962 1204 1004 secum
1224 944 1365 1003 militibus
1378 942 1528 1016 adjunctis
1550 941 1687 1015 fugiendo
1703 948 1732 1000 el

17 1049 111 1103 ceres,
130 1035 272 1092 uictorem
286 1038 374 1092 Deum
389 1035 573 1104 invocantes,
589 1041 622 1094 ut
636 1035 781 1109 iustitiam
814 1050 851 1092 ex
904 1034 1332 1109 mirabiliterlugendoevasit.
1356 1032 1462 1106 sicque
1488 1032 1732 1089 tantadistrictus

17 1123 78 1180 alto
92 1123 240 1197 inspiciat,
250 1128 279 1181 et
293 1124 469 1195 sanguinem
482 1124 672 1182 innocentem
694 1122 847 1181 liberaret!
903 1125 1055 1195 angustia,
1064 1124 1209 1183 etmentis
1220 1122 1391 1181 calamitate
1401 1122 1634 1194 circumquaque
1644 1121 1732 1178 satia·

16 1213 49 1268 Et
62 1211 689 1287 subitoprimaregisaciescontrapriucipis
701 1211 849 1270 cohortem
905 1216 952 1269 tus
965 1211 1183 1270 salernitanam
1189 1212 1339 1269 civitatem
1353 1211 1392 1266 al
1404 1209 1474 1266 solis
1494 1210 1733 1266 occasumintro·

15 1299 148 1372 insilivit,
160 1300 413 1374 quijuxtaeorum
421 1302 587 1374 potentiam
606 1300 850 1374 defendendopu·
903 1301 963 1358 ivit.
986 1302 1069 1359 Cives
1097 1306 1192 1358 autem
1216 1297 1402 1363 salernitani,
1423 1297 1464 1353 sic
1483 1312 1553 1352 eum
1568 1296 1731 1366 lugientem

15 1389 672 1463 gnaverunt,etsicadinvicemaliquantulum
682 1390 849 1447 dimicatum
904 1390 1072 1457 sentientes,
1084 1389 1452 1461 regemillumsuscepere.
1465 1385 1731 1441 Atcomesilainul·

15 1483 71 1534 est.
86 1477 199 1544 Quibus
210 1477 251 1534 ita
262 1477 478 1551 praeliantibus,
487 1479 574 1536 timor
584 1478 720 1537 terribilis
735 1478 850 1550 pedites
903 1474 1628 1552 phusmilitesarmatosaccipienspropecivitalem
1638 1474 1733 1546 ipsam

15 1567 849 1641 principisetcomitiseximprovtsoiuvadit,etusquaad
903 1562 1732 1640 regemillumiugienteminsequiturlterertiturcomes

14 1655 130 1714 flumen
145 1657 335 1714 nominatum
344 1661 581 1729 tergavertenles
591 1656 752 1728 fugerunt:
768 1655 850 1712 multi
904 1657 1070 1731 intrepidus
1082 1674 1090 1724 3
1101 1657 1235 1715 audierat
1248 1654 1330 1712 enim
1351 1668 1452 1725 regem
1465 1651 1620 1709 Salernum
1642 1651 1733 1708 intra·

15 1760 87 1803 vero
102 1750 283 1818 perpontem
295 1748 477 1803 transeuntes
495 1762 617 1804 evasere
629 1764 637 1817 ;
651 1744 700 1802 alii
721 1759 850 1816 namque
865 1778 888 1836 B
906 1747 993 1814 visse,
1003 1751 1032 1802 et
1043 1761 1079 1802 eo
1091 1750 1254 1802 revertente
1263 1742 1354 1798 simul
1367 1757 1436 1797 cum
1446 1739 1587 1811 principe,
1603 1739 1732 1796 barones

16 1832 747 1907 mille,sicutnobisnuntialumest,pontemillum
770 1830 850 1889 desi·
904 1833 983 1905 regis
994 1833 1101 1904 viginti
1112 1832 1172 1890 fere
1196 1846 1332 1896 numero,
1344 1833 1372 1886 et
1398 1829 1603 1900 septingentos
1629 1825 1733 1881 milites
1814 1815 1819 1828 ’

16 1923 154 1981 derantes
165 1921 316 1995 inaquam
327 1921 410 1978 fluvii
424 1921 640 1996 ingrediuntur,
654 1921 782 1979 evadere
803 1936 850 1977 co·
905 1926 1012 1996 prater
1026 1920 1137 1978 multos
1152 1920 1237 1987 alios,
1248 1933 1325 1992 quos
1334 1916 1492 1974 nominare
1509 1913 1626 1971 silentio
1651 1913 1731 1969 dedi-

17 2011 349 2081 gitantesauimassuas
356 2012 387 2067 in
393 2013 509 2083 gurgite
519 2011 569 2069 illo
578 2011 753 2077 amiserunt,
763 2010 851 2068 armis
905 2027 984 2078 mus,
996 2009 1225 2084 comprehendit
1237 2026 1244 2065 ε
1257 2007 1331 2064 alios
1343 2020 1413 2061 vero
1423 2003 1454 2060 in
1464 2002 1564 2075 lugam
1574 2018 1733 2059 conversos

16 2115 123 2158 eorum
132 2099 243 2157 bibulis
254 2101 341 2173 aquis
350 2100 715 2171 immersisouaiisigitur
733 2099 849 2167 stridor,
905 2098 1049 2156 occisioni
1059 2099 1210 2170 expositos
1225 2094 1381 2153 crudeliter
1391 2091 1453 2150 lore
1464 2091 1643 2148 audirimus.
1657 2091 1735 2157 Quid

16 2188 175 2261 luctusque
182 2187 368 2245 morientium
380 2189 488 2246 accidit
498 2189 611 2263 iquem
632 2189 767 2245 siextoto
780 2188 851 2245 scri·
905 2184 1017 2260 plural
1033 2177 1697 2256 totusregisexcercitusmilitumpeditumque
1704 2177 1735 2234 in

18 2276 272 2346 berevoluissem,
287 2278 370 2351 prius
385 2278 727 2351 metempusdcsereret
757 2293 851 2351 quam
905 2274 1022 2345 lugam,
1048 2273 1238 2338 occisionem,
1270 2267 1470 2342 captivitatem
1490 2267 1648 2338 perductus
1670 2271 1732 2333 est;

18 2367 106 2440 copia
120 2366 274 2423 recitandi.
288 2366 556 2425 Sedredeamusad
567 2383 703 2425 causam.
714 2366 852 2424 Secunda
907 2365 971 2419 auri
986 2378 1057 2419 vero
1071 2363 1201 2434 copiam,
1214 2365 1243 2417 et
1257 2357 1372 2432 argenti
1381 2354 1558 2413 ineffabilem
1570 2352 1737 2410 multitudi-

18 2456 121 2528 itaque
133 2455 274 2528 principis
289 2471 397 2512 manus
418 2459 549 2528 stragem
576 2462 688 2513 tantam
725 2455 852 2512 militum
907 2467 989 2518 nem,
1003 2458 1031 2509 et
1044 2467 1185 2508 vasorum
1201 2463 1362 2506 aureorum
1376 2443 1595 2501 abundantiam
1610 2446 1639 2499 et
1648 2442 1739 2499 vesti·

18 2544 408 2618 peditumquepresentiens,
416 2545 527 2601 viribus
535 2544 706 2619 animisque
721 2546 851 2618 acceptis
906 2544 1079 2598 mentorum
1091 2538 1225 2595 latinitas
1241 2535 1408 2598 varietates,
1423 2536 1738 2604 eloquorumcongre·

18 2633 58 2690 ad
71 2633 214 2704 principis
224 2632 346 2689 intravit
359 2632 524 2691 auxillium.
542 2634 630 2704 Regis
642 2633 852 2707 quoqueacies
907 2629 1054 2700 gellonos,
1069 2632 1098 2685 et
1110 2627 1262 2684 loricatum
1283 2622 1473 2686 densitatem,
1500 2624 1734 2692 cunctorumque

18 2720 58 2778 ad
72 2719 149 2792 regis
159 2721 348 2792 juvamenex
364 2720 491 2777 adverso
506 2721 606 2792 positu
634 2722 823 2777 incurrerunt
843 2737 851 2788 ;
906 2718 1076 2783 mobilium,
1090 2732 1158 2790 qum
1172 2716 1203 2772 in
1219 2712 1340 2770 victoria
1370 2709 1419 2767 illa
1434 2713 1610 2781 captasunl,
1625 2711 1734 2778 Regem

18 2808 518 2883 sicquespatiointerpositoacriter
535 2810 708 2882 duriterque
721 2810 853 2866 decerta-
905 2811 1167 2879 regumtestamus
1178 2808 1334 2865 aternum,
1344 2798 1369 2854 si
1383 2795 1735 2866 universaetsingillatim

17 2902 133 2953 verunt.
150 2899 273 2968 Revera,
290 2896 365 2954 sicut
377 2913 412 2954 ex
425 2914 477 2955 ore
485 2898 682 2965 narrantium,
695 2897 749 2970 qui
766 2898 853 2955 inter·
907 2892 1191 2961 describerevellem,
1202 2884 1737 2963 priusinscribendodeflceremquam

16 2983 149 3052 luerunt,
165 2984 349 3053 audivimus,
365 2986 407 3044 sic
422 2986 542 3045 instanti
567 2986 672 3045 animo
686 3001 757 3059 pars
772 2989 852 3058 regis
907 2985 1047 3042 universa
1057 2996 1221 3040 exararem.
1235 2978 1311 3046 Quid
1321 2973 1575 3051 pluraiuniversa
1585 2973 1633 3031 illa
1650 2971 1737 3030 mobi-

18 3073 223 3148 praeliabatur,
230 3075 312 3147 quod
322 3075 463 3147 principis
472 3074 700 3147 acies,lugajam
712 3075 853 3133 inchoata
906 3073 982 3130 lium
992 3072 1120 3144 gloriosa
1135 3065 1357 3141 magnitudoad
1366 3067 1544 3137 potestatem
1552 3062 1692 3134 principis
1707 3065 1738 3118 et

18 3162 179 3219 deficiebat
191 3162 231 3218 ab
246 3163 338 3219 armis
355 3163 424 3231 ;sed
438 3163 541 3221 diuina
554 3163 852 3236 providentisguber·
869 3139 891 3201 G
906 3160 1025 3218 comitis
1036 3157 1179 3231 pervenit.
1195 3159 1322 3213 Laetatur
1334 3154 1431 3225 itaque
1453 3152 1591 3224 princeps
1603 3155 1632 3206 et
1643 3164 1738 3207 comes

18 3255 121 3317 nante,
131 3250 163 3307 in
174 3251 261 3323 cujus
279 3250 474 3324 dispositione
500 3267 559 3308 non
585 3251 705 3320 fallitur,
732 3252 852 3324 justitiae
907 3249 946 3306 de
959 3248 1009 3305 tali
1020 3245 1172 3319 triumpho
1181 3243 1299 3301 coelitus
1308 3238 1738 3305 concessoouibusomnibus

18 3344 151 3413 partem,
173 3338 369 3396 sicutnostrae
389 3339 542 3410 fragilitati
570 3341 715 3413 apparuit,
743 3356 780 3397 ex
793 3340 852 3398 allo
906 3339 950 3396 ita
963 3336 1103 3410 peractis,
1119 3333 1220 3404 fragor
1234 3330 1360 3389 victoria
1375 3326 1640 3399 etregislugientis
1660 3325 1739 3382 cala·

19 3427 183 3500 prospexit.
201 3429 308 3485 Comes
320 3427 397 3483 enim
405 3427 662 3501 ltainulphua,qui
676 3444 713 3485 ex
724 3428 851 3485 adverso
906 3428 999 3484 mitas
1013 3425 1128 3499 Apuliae
1140 3427 1248 3496 partes,
1263 3417 1381 3483 Siciliae,
1397 3422 1426 3473 et
1445 3415 1535 3473 totius
1550 3413 1641 3471 ltalia
1663 3414 1739 3470 into-

19 3514 478 3590 posituserat‚erentumpngnae
485 3515 849 3590 jamlallentisaspicians,
906 3515 983 3582 nuit,
997 3522 1025 3570 et
1037 3529 1128 3586 super
1140 3510 1278 3568 inauditis
1298 3505 1512 3570 occisionibus,
1523 3511 1552 3560 et
1562 3503 1641 3576 regis
1647 3508 1738 3559 terro·

21 3605 108 3677 equis
117 3604 272 3661 concitatis
284 3603 514 3677 quingentorum
531 3604 658 3663 militum
673 3609 792 3663 caterva
804 3605 852 3662 sti·
906 3603 992 3661 ribus
1005 3600 1276 3661 valdemirabatur.
1288 3599 1381 3653 Nemo
1397 3592 1519 3668 quidem
1532 3589 1740 3663 temporeisto·

20 3695 122 3765 patus,
138 3707 239 3765 regem
254 3693 392 3749 animose
403 3693 527 3760 invadit,
548 3693 681 3764 rigorem
702 3693 791 3760 illico,
824 3698 853 3751 et
907 3691 1083 3757 viventium,
1096 3687 1267 3746 recordatur
1277 3684 1367 3741 talem
1383 3685 1557 3753 mutamque
1567 3678 1738 3752 pretiorum

20 3780 352 3854 constantiamprincipi
364 3782 510 3854 pugnanti
522 3782 663 3850 attribuit,
677 3782 852 3839 etelamori·
910 3786 1044 3850 stragem
1054 3777 1132 3833 inlra
1149 3772 1334 3830 Christianos
1357 3770 1510 3827 accidisse.
1536 3769 1610 3823 Cum
1637 3771 1738 3823 autem

21 3869 82 3925 bus
97 3870 135 3925 ad
146 3874 229 3926 astra
241 3868 347 3927 levatis
357 3870 584 3942 expugnabant.
594 3869 706 3927 Deinde
720 3870 853 3927 secunda
908 3866 1043 3924 victoriae
1050 3864 1133 3922 lama
1142 3857 1533 3919 Beneventanumciritatem
1543 3855 1695 3925 tetigisset,
1702 3868 1741 3910 en

22 3956 139 4014 comitis
153 3957 232 4014 acies
240 3958 380 4026 accurrit,
395 3966 425 4016 et
439 3975 541 4030 regem
561 3959 700 4016 atrociter
717 3973 853 4032 pugnan-
910 3956 1012 4013 subito
1026 3952 1153 4011 civitatis
1163 3948 1293 4023 populus
1308 3944 1421 4016 gaudio
1433 3959 1540 4016 magno
1555 3942 1686 4015 repletus
1702 3941 1742 3998 ad

21 4044 853 4120 temaliquantisperimpolitouidlongiusmorerltertia
909 4043 1098 4118 episcopium
1112 4036 1369 4097 etmonasterium
1393 4033 1422 4089 S.
1446 4031 1561 4105 Sophiae
1585 4029 1743 4103 jubilando

22 4133 161 4205 ejusdem
169 4135 281 4192 comitis
297 4151 403 4192 manus
419 4136 536 4193 ardenti
547 4136 642 4191 animo
650 4133 772 4205 agitata,
786 4132 853 4191 tati·
910 4133 1050 4192 convenit
1062 4149 1072 4203 ;
1086 4130 1189 4202 ibique
1201 4125 1425 4195 gratiaslleo‚et
1438 4124 1521 4178 Petro
1533 4119 1679 4192 apostolo,
1698 4119 1740 4176 la·

22 4226 110 4291 gatos
119 4237 191 4278 suos
203 4237 380 4294 agnoscens,
390 4240 425 4280 ex
442 4224 567 4281 aduerso
576 4225 683 4288 exiens,
696 4223 773 4280 siout
785 4225 851 4280 Leo·
910 4222 1028 4297 orymis,
1039 4216 1243 4280 manantibus,
1252 4214 1310 4286 egit
1321 4229 1329 4280 3
1340 4211 1446 4268 deinde
1456 4224 1612 4266 cereorum
1621 4222 1745 4278 magno.

23 4309 73 4366 nis
81 4310 221 4367 triduana
235 4313 331 4369 fames
340 4312 480 4370 dentibus
497 4317 674 4385 exasperata
683 4313 854 4384 pervolatet
910 4328 981 4369 rum
995 4307 1170 4383 frequentia,
1185 4311 1211 4361 el
1222 4301 1409 4360 luminarium
1436 4299 1587 4371 lignorum
1610 4301 1745 4368 accepta,

24 4399 57 4455 in
67 4398 168 4457 medio
181 4400 376 4473 praeliantium
394 4401 522 4471 intravit,
538 4407 568 4458 et
579 4403 631 4468 sic,
643 4401 855 4459 Dominoauxi·
911 4416 982 4458 oum
997 4396 1109 4455 clericis
1123 4401 1152 4453 et
1161 4390 1342 4468 presbyteris
1352 4388 1527 4446 catervatim
1541 4385 1580 4442 ad
1589 4388 1617 4441 Β.
1627 4383 1747 4440 Bartho-

23 4487 127 4556 liaute,
140 4488 171 4545 in
184 4490 285 4560 lugam
300 4495 329 4547 et
342 4496 474 4562 stragem
485 4506 535 4546 rex
546 4490 595 4548 ille
605 4506 770 4548 conversus
793 4497 849 4547 est.
871 4497 894 4557 D
909 4484 1148 4559 iomaeiapostoli
1155 4482 1313 4539 basilicam
1321 4484 1351 4536 et
1361 4476 1572 4533 monasterium
1581 4474 1612 4538 S,
1629 4472 1744 4545 Sophia

26 4577 184 4634 Euolanror
194 4577 465 4652 populipugnantis
475 4580 515 4636 ad
523 4580 620 4637 sidera
628 4579 748 4645 tollitur,
759 4594 854 4650 regem
890 4620 896 4629 ,
910 4576 1028 4648 vigilias
1042 4578 1072 4630 et
1082 4570 1187 4629 laudes
1200 4567 1403 4642 persolventes
1417 4562 1604 4619 laetabantur.
1616 4560 1747 4617 Lateba-

26 4664 184 4735 lugientem
190 4666 506 4741 significans,suosque
515 4667 856 4740 adhortans,utsequan·
911 4672 962 4724 tur
972 4661 1079 4737 quiden
1086 4659 1198 4733 gaudio
1209 4655 1354 4713 ineflabili
1368 4653 1458 4710 totius
1472 4651 1596 4709 civitatis
1607 4649 1745 4735 populus,

27 4759 87 4819 tur,
101 4759 250 4827 quatenus
263 4753 385 4812 victoria
393 4754 507 4812 caelitus
515 4770 656 4812 concessa
680 4755 719 4811 de
733 4754 783 4811 tali
794 4761 856 4813 tan·
914 4772 953 4813 ac
964 4754 988 4810 si
1001 4742 1533 4810 omuisillavictoriaaBeueventanis
1544 4739 1624 4798 lacta
1634 4739 1746 4796 luisset

27 4846 122 4915 toque
137 4841 201 4899 uiro
216 4842 384 4909 ulciscatur,
404 4845 464 4900 Rex
479 4846 579 4901 autem
592 4843 697 4900 volens
711 4843 855 4901 militibus
915 4845 986 4901 Dies
1002 4857 1082 4911 vero,
1099 4835 1281 4913 quobellum
1308 4833 1380 4890 illud
1401 4831 1515 4889 lactum
1539 4829 1630 4897 estin
1651 4827 1748 4899 vigilis

29 4930 321 4989 suisanimositatem
334 4932 753 5006 constantiamqucreparare,
761 4933 857 4991 natali
916 4936 949 4990 B.
964 4926 1203 5001 tacobiapostoli
1216 4922 1396 4993 habebatur,
1418 4927 1525 4978 octavo
1538 4917 1673 4974 videlicet
1683 4916 1747 4974 Kal.

28 5019 193 5078 infortunio
203 5035 345 5094 campum
361 5021 521 5088 dimittant,
536 5021 625 5094 cnepit
637 5022 724 5079 hasta
736 5029 859 5096 accepta
916 5020 1042 5092 Augusti
1055 5017 1112 5089 (45)

27 5109 186 5177 obsistere,
200 5115 229 5166 et
243 5108 305 5165 suis
316 5108 500 5180 fugientibus
512 5125 622 5167 nomen
633 5127 718 5167 suum
734 5111 859 5168 manile·
955 5112 1103 5166 llocanno
1117 5101 1349 5161 duodecimodie
1363 5099 1493 5155 intrante
1503 5095 1617 5152 mensis
1627 5096 1756 5168 Augusti*

30 5204 110 5256 stare
125 5215 132 5253 ε
148 5197 222 5254 nihil
236 5202 333 5255 tamen
361 5198 559 5255 manifestatio
581 5198 714 5256 nominis
737 5199 858 5273 proluit,
918 5193 1424 5267 obiitLandulphusBeneventanus
1432 5185 1683 5258 archiepiscopus.
1703 5184 1754 5240 llis

69 5339 254 5412 (iblcmvru
266 5339 332 5396 Kal.
349 5340 461 5414 vigilias
476 5343 505 5396 B.
533 5341 631 5397 Jacobi
652 5341 790 5398 celebrari
817 5341 860 5399 di·
918 5344 977 5395 tem
988 5335 1137 5393 victoriam
1158 5334 1194 5415 de
1205 5348 1271 5404 rege
1288 5328 1412 5402 Rogerio
1423 5324 1752 5417 Robertumprincipem

31 5416 90 5477 cat,
104 5412 231 5482 quahoc
245 5428 292 5468 an.
312 5413 378 5467 ll'll
396 5428 461 5467 rere
475 5410 506 5467 in
518 5412 699 5468 Dominicam
714 5413 858 5479 incidere;
920 5409 1089 5471 obtinuisse,
1113 5409 1230 5459 nuntius
1258 5404 1449 5458 Beneventum
1467 5402 1652 5481 ¹pervenisset
1676 5413 1683 5451 :
1712 5399 1753 5478 lan

32 5484 185 5565 ipsumque
200 5481 307 5539 festum
320 5482 398 5540 inira
413 5483 450 5539 ad
467 5499 515 5539 an.
534 5483 602 5539 ll39
614 5484 642 5538 in
659 5501 697 5540 vu
710 5485 773 5541 Καὶ.
788 5501 859 5540 con·
920 5481 1024 5547 subito,
1036 5476 1131 5549 inquit
1144 5476 1222 5531 idem
1243 5477 1349 5539 noster,
1364 5474 1486 5553 cavitates
1504 5469 1630 5549 populus
1647 5468 1754 5535 gaudeo

30 5555 124 5630 jicial,
138 5554 176 5611 ibi
186 5570 339 5630 exponam.
350 5555 423 5612 llum
437 5558 535 5612 autem
549 5556 682 5628 predicta
695 5554 740 5612 die
761 5556 861 5629 ingen·
922 5567 1026 5626 arogno
1039 5550 1167 5625 repletus,
1181 5548 1211 5603 in
1233 5546 1394 5621 episcopium
1405 5558 1433 5599 et
1448 5548 1647 5599 monasterum
1659 5538 1686 5595 S.
1699 5541 1750 5595 Se·
