3884 6050
189 224 257 309 sir
563 257 569 277 ι
693 210 822 292 innuis
841 227 1044 297 smsrcaur
1062 233 1110 296 nr
1129 226 1237 293 rerer
1257 218 1407 292 praeoni
1552 248 1556 263 ·
1842 218 1910 289 ιιι·

190 375 374 439 egressuros,
387 358 444 416 nisi
453 358 590 432 deposito
598 359 733 418 oderisio
742 359 1017 422 aliumnostrocon·
1032 369 1057 431 li
1070 364 1214 429 dicentes,
1225 377 1288 421 nen
1300 359 1408 419 debere
1418 358 1586 419 casinensis
1600 358 1719 419 abbatis
1726 358 1904 418 electionem

190 452 257 509 silio
271 446 615 507 substituatisabbatcm.
625 470 639 499 u
647 449 733 515 Quod
741 465 812 506 cum
822 448 1018 511 iratresnulla
1069 454 1101 512 in
1114 451 1235 512 alteriue
1245 454 1387 524 potestate
1399 449 1535 517 baurim,
1552 454 1582 507 et
1594 448 1683 505 nimis
1697 448 1860 520 iudignum
1875 453 1906 506 et

189 538 317 604 ratione,
332 535 413 595 nullo
428 541 516 611 paeto
533 537 637 595 sebee
659 536 791 596 lecturos
805 538 962 612 dixissent,
976 541 1018 599 illi
1068 540 1280 601 inconveniens
1296 554 1371 608 esse,
1396 538 1567 596 Gasineneis
1592 535 1726 604 ecclesie,
1744 552 1814 612 quer
1842 537 1905 594 snb

189 625 329 701 evestigio
336 625 503 684 monasterii
509 625 683 683 munitiones
690 625 795 684 iraude
808 637 1018 701 occupaverunt
1069 627 1307 689 antecessoribus
1318 628 1380 685 suis
1390 627 1487 686 libera
1498 641 1617 700 semper
1629 625 1774 695 extiterat,
1782 625 1824 684 ad
1837 641 1905 684 sure

189 713 1017 791 sicqueinunumsummiarcbimandriterconvenientes
1068 716 1457 791 confusionisobprobriurn
1467 715 1674 774 cardinalibus
1684 715 1903 788 subjiceretur.

189 822 242 882 per
257 803 550 878 archipresbyterum
563 804 694 860 suumin
707 805 836 862 eandem
849 804 1017 866 Oderisium
1068 813 1150 867 lunc
1164 807 1323 881 Gregorius
1337 806 1487 880 imperato
1508 804 1625 863 silentio
1639 804 1781 862 iratribus
1801 803 1903 863 dixit:

189 893 365 952 sententiam
376 892 574 966 depositionis
585 897 614 948 et
627 893 943 952 excommunicationis
949 912 1017 970 pro·
1069 897 1214 956 «ludubie
1223 895 1366 954 noveritis
1380 911 1429 953 me
1444 910 1505 953 non
1525 909 1579 969 pro
1593 910 1679 969 pepe
1694 895 1815 952 lionorii
1839 895 1907 951 buc

189 982 341 1054 mulgentr
351 982 566 1054 conleslimque
579 980 738 1038 adtanutoe
747 998 845 1040 arcem
859 990 1016 1057 pergentes
1068 986 1163 1055 lucro,
1179 985 1335 1044 ethonore
1348 982 1634 1042 Romanreecclesiae
1649 983 1771 1051 uenisse,
1784 987 1833 1040 set
1847 999 1904 1058 pro

188 1078 217 1130 et
230 1071 297 1129 illos
309 1071 361 1144 qui
376 1070 407 1127 in
421 1085 457 1127 ea
470 1069 639 1128 residebant
644 1071 1014 1146 pecuniaeorrurnpeutes,
1069 1076 1165 1133 salute
1176 1076 1348 1133 animarum
1359 1079 1525 1132 vestrarum
1538 1088 1609 1130 cum
1624 1070 1730 1131 Christi
1749 1071 1868 1130 auxilio
1878 1073 1905 1129 si

188 1160 229 1219 ad
244 1176 332 1217 suam
343 1158 528 1216 voluntatem
539 1157 699 1227 inflectunt,
715 1159 904 1234 eandemque
920 1162 1016 1220 muni·
1069 1161 1434 1239 permittitieproridenda.
1444 1158 1903 1219 Romanaenimecclesiavestro

188 1250 299 1308 tionem
309 1247 348 1305 ab
362 1247 409 1304 bis
418 1248 470 1320 qui
476 1246 558 1303 illam
566 1246 778 1304 custodiebant
787 1249 967 1322 accipientes
975 1251 1016 1308 di·
1070 1252 1181 1312 auxilio
1193 1257 1221 1309 ct
1232 1252 1322 1309 leude
1332 1267 1393 1308 non
1407 1249 1529 1323 indiget,
1543 1249 1717 1325 quelaudis
1726 1250 1905 1324 paconium

186 1335 957 1412 ruunt,monachosqueconuadicentesanteportas
970 1356 1017 1397 ee-
1070 1341 1101 1399 in
1115 1342 1199 1400 Petro
1214 1357 1248 1398 ex
1271 1338 1368 1414 ipsius
1395 1355 1446 1398 ore
1470 1339 1578 1399 meruit
1592 1338 1803 1412 Redemptoria
1829 1340 1905 1405 oure

187 1426 284 1484 clesire
296 1424 375 1482 beati
390 1424 535 1482 Benedicti
544 1422 653 1496 gladiis
673 1434 895 1499 percusserunt,
910 1433 938 1485 et
962 1446 1016 1503 per
1069 1433 1169 1489 auteur
1185 1429 1306 1487 ecclesia
1320 1428 1365 1485 vel
1387 1427 1510 1485 abbatia
1529 1443 1548 1485 a
1565 1429 1708 1485 Romame
1722 1426 1801 1484 sedis
1822 1427 1904 1499 jugo

187 1512 855 1588 diuinaetbumauacmniajurarecoepernnt,
866 1518 1016 1589 quodnisi
1069 1524 1211 1576 extranee
1230 1518 1406 1591 repperitur,
1427 1517 1514 1588 cujus
1533 1515 1657 1573 arbitrio
1671 1516 1771 1589 ipsum
1786 1516 1903 1574 omium

186 1603 344 1667 confestim
358 1602 499 1661 abbatem
514 1600 555 1660 ad
566 1618 654 1660 suam
666 1603 851 1661 voluntatem
861 1605 1013 1680 eligerent,
1068 1607 1178 1679 ligatur
1189 1603 1622 1677 etsolvituriomneenemqne
1632 1603 1763 1661 ecclesie
1772 1606 1902 1677 aponti·

186 1692 263 1751 alios
275 1692 375 1765 gladio
389 1690 580 1757 trucidarent,
594 1691 669 1748 alios
683 1693 721 1748 de
736 1695 919 1751 monasterio
927 1695 1016 1768 pelle·
1030 1731 1053 1793 B
1069 1696 1185 1761 deibus,
1200 1693 1432 1769 imperatoribus
1450 1698 1479 1751 et
1499 1692 1631 1765 regibus,
1658 1692 1704 1750 rel
1728 1693 1903 1767 quibusque

184 1788 261 1849 rent,
276 1781 352 1839 alios
365 1780 406 1840 ad
421 1796 533 1855 papam
547 1779 664 1837 vinctos
678 1782 921 1843 uanemitterent.
939 1785 1015 1850 Quid
1068 1784 1204 1843 fidelibus
1213 1783 1343 1842 lundata
1355 1783 1611 1850 suntRemanam
1622 1797 1692 1841 rere
1704 1781 1902 1841 sedemsolus

184 1869 1015 1933 tantisiFratresindiscriminisarticulosseconstitutos
1068 1873 1157 1932 Filius
1178 1873 1230 1930 oei
1243 1870 1392 1940 fundarit,
1407 1878 1436 1928 et
1449 1886 1541 1944 super
1561 1871 1637 1929 Petri
1650 1871 1778 1943 apostoli
1805 1871 1900 1931 iidem

182 1957 372 2027 ridentes,ad
380 1959 672 2019 oderisiumnuntioe
680 1957 824 2032 dirigunt,
836 1961 1016 2021 mandantut
1068 1962 1170 2030 erexit,
1186 1960 1234 2019 eui
1249 1960 1338 2019 etiam
1356 1960 1464 2017 terreni
1478 1959 1568 2017 simul
1593 1965 1621 2017 et
1638 1959 1767 2017 coelestis
1780 1960 1901 2035 imperii

184 2047 225 2107 ad
234 2047 574 2114 monasteriumredeat,
588 2051 676 2104 etaut
686 2047 770 2104 laicis
779 2050 954 2123 satisfaciat,
963 2056 1015 2109 ant
1066 2052 1136 2125 jura
1150 2048 1313 2117 commisit,
1324 2055 1353 2106 et
1362 2047 1436 2106 illud
1448 2047 1588 2115 Verbum,
1602 2048 1685 2122 quod
1701 2047 1902 2108 candiditate·

184 2135 541 2195 advolantaternillorum
547 2134 838 2195 abbatiamdimittat.
847 2138 1014 2210 Queaeun
1068 2140 1132 2199 lum
1144 2146 1173 2198 et
1185 2146 1301 2207 terram,
1315 2139 1485 2197 Romanam
1491 2136 1630 2195 fundavit
1642 2137 1810 2199 ecclesiam.
1828 2141 1904 2198 Etut

185 2224 337 2283 oderisius
351 2223 475 2282 minime
488 2240 519 2280 se
531 2223 679 2283 laeturum
694 2224 825 2291 dixisset,
840 2226 945 2285 tratres
959 2243 1015 2285 ne·
1068 2228 1183 2299 ceteris
1193 2228 1300 2286 omisis
1312 2227 1348 2284 ad
1363 2243 1399 2284 ea
1410 2227 1448 2284 de
1462 2227 1575 2300 quibus
1591 2240 1672 2283 nunc
1688 2242 1787 2284 sermo
1798 2226 1903 2299 egitur

183 2312 318 2371 cessitate
342 2313 436 2372 coacti
456 2313 613 2386 laycorum
628 2312 811 2371 voluntatem
825 2331 856 2373 se
880 2314 1014 2374 tacturos
1067 2320 1236 2384 veniamus,
1258 2319 1334 2376 sicut
1346 2316 1554 2391 apostolorum
1581 2316 1731 2390 principes
1747 2316 1850 2375 Petrus
1869 2325 1902 2376 et

182 2400 682 2476 promittuntlaliterOderisiusab
691 2402 807 2460 aemulis
821 2404 884 2461 suis
897 2411 1016 2478 estpro·
1068 2407 1349 2465 Paulusliomanam
1356 2405 1513 2462 eeclesiam
1522 2404 1733 2475 subsanguine
1745 2420 1903 2463 consecre-

178 2489 289 2564 jectus,
299 2493 329 2547 et
342 2490 730 2565 apropriasededepnlsus,
746 2492 792 2548 rir
801 2500 877 2551 certe
890 2510 1016 2567 magna·
1067 2501 1148 2564 runt,
1159 2496 1201 2551 ila
1213 2495 1374 2553 Gasiuense
1387 2491 1557 2552 caenobium
1572 2507 1625 2566 per
1638 2491 1761 2550 beatum
1776 2494 1901 2552 Benedi-

182 2577 281 2651 nimis,
296 2580 419 2637 seientia
441 2578 550 2647 clarus,
565 2579 742 2655 eloquentia
756 2581 865 2640 decore
879 2590 1014 2643 ornatus.
1068 2589 1160 2652 mum,
1173 2583 1225 2658 qui
1238 2581 1583 2648 Romaeedcctusiuerat,
1597 2585 1626 2638 et
1638 2596 1691 2654 per
1700 2581 1900 2641 eiresitome·

86 2672 90 2681 '
183 2669 258 2745 llam
269 2668 346 2727 inter
356 2673 456 2727 tantas
465 2669 687 2741 persecutiones
696 2672 885 2739 constitutus,
901 2688 1014 2731 sermo·
1067 2689 1124 2731 nos
1142 2675 1276 2730 lleurum
1301 2677 1330 2729 et
1353 2669 1504 2729 Placidum
1521 2669 1627 2727 babuit
1652 2668 1895 2728 tundamentum.

181 2772 237 2816 nes
248 2757 286 2817 de
300 2757 457 2833 precipuis
467 2757 874 2819 festivitatibuslucidossatis
884 2762 1016 2821 etdiser·
1067 2758 1894 2836 llludquequevohisnoliseimuuressenonambigimus,

182 2849 230 2905 tos
245 2845 1015 2920 composuelbilloautemtemporenondetuernnr
1067 2850 1195 2925 qualiter
1210 2865 1246 2908 eo
1262 2849 1413 2907 destructo
1438 2865 1457 2906 a
1478 2847 1694 2920 longobardis,
1723 2848 1896 2906 Ganinensis

182 2932 253 2993 buic
268 2935 425 2994 casinensi
440 2936 578 2994 coenobio
593 2937 682 2993 varie
697 2953 732 2994 ac
745 2937 880 3008 ingentes
902 2955 1016 2998 terum·
1067 2939 1193 2998 coenobii
1211 2938 1317 2996 fratres
1338 2938 1422 3011 justa
1448 2939 1645 2995 lateranense
1669 2935 1814 3010 palatium
1841 2952 1896 3011 per

183 3039 260 3099 pnes.
273 3025 341 3084 tam
357 3025 807 3099 veroqualiterliycolaielectio
819 3032 847 3086 et
857 3028 960 3102 ejectio
970 3029 1013 3088 ia·
1067 3035 1187 3088 centum
1202 3029 1319 3101 triginta
1331 3043 1480 3085 annorum
1492 3025 1856 3095 curriculababitaverint,
1867 3031 1897 3086 et

184 3120 232 3174 cta
246 3115 283 3173 sit
295 3114 514 3173 describamus.
1027 3095 1051 3158 (ἶ
1067 3117 1191 3176 demurn
1208 3118 1401 3175 Casinensem
1427 3114 1584 3174 ecelesiam
1601 3115 1728 3173 Romani
1740 3115 1897 3188 pontifices

217 3201 859 3273 Nicomusnationelusculanus,seditanno
873 3211 897 3271 l,
909 3224 1010 3267 mense
1067 3205 1227 3278 Gregorius
1241 3211 1271 3264 et
1279 3205 1436 3264 Zacharias
1442 3207 1662 3262 restruxerunt·
1656 3220 1739 3277 quar
1746 3219 1897 3262 rursuma

187 3297 214 3362 t,
241 3291 348 3348 diebus
365 3295 407 3349 td.
1067 3295 1239 3354 sarracenis
1250 3298 1395 3361 cremata,
1405 3293 1511 3351 iterum
1526 3297 1660 3350 asaneto
1674 3307 1755 3366 papa
1768 3292 1895 3365 Agapite

218 3383 264 3438 80.
279 3379 331 3436 llic
345 3395 365 3438 a
379 3383 490 3437 sancte
506 3378 660 3439 memoriae
667 3380 801 3440 oderisio
814 3384 836 3453 l,
853 3383 883 3442 in
893 3385 948 3444 bec
959 3385 1012 3445 Ga·
1065 3384 1098 3442 in
1111 3383 1279 3442 monastico
1288 3387 1333 3440 eet
1343 3381 1448 3440 ordine
1456 3380 1628 3442 reformata.
1639 3382 1713 3439 oum
1721 3396 1793 3453 erge
1803 3380 1895 3453 hujus

185 3467 586 3543 sinensicoenobioreceptus
596 3475 625 3529 et
634 3470 1011 3550 monachusiactus,atque
1066 3472 1196 3531 coenobii
1208 3473 1383 3530 fundatores
1398 3487 1435 3527 ex
1445 3468 1720 3529 Remenaeecclesioe
1731 3468 1896 3543 prodierint

181 3556 344 3628 aGyrardo
358 3555 467 3616 abbate
492 3561 589 3615 rector
613 3560 696 3630 apud
716 3558 822 3631 sujum
847 3563 1010 3633 ordinatus,
1065 3562 1234 3636 disciplina,
1249 3560 1730 3636 ejusquerestauratoresltomani
1740 3558 1895 3633 pontifices

180 3649 251 3721 post
261 3646 298 3703 ab
313 3645 446 3704 oderisio
460 3645 628 3704 lldecanus
641 3647 732 3720 hujus
758 3648 816 3707 loci
839 3654 1011 3714 salconeti·
1065 3651 1184 3722 tuerint,
1199 3649 1443 3722 conveniensestj
1449 3654 1519 3707 uxta
1527 3653 1695 3706 sanctorum
1706 3653 1828 3723 patrum
1836 3652 1894 3707 sta·

181 3741 280 3804 tutus;
291 3751 384 3809 quam
397 3752 527 3810 eumper
537 3752 674 3796 mensem
690 3736 750 3796 lere
760 3741 1009 3813 amministrasset,
1065 3745 1137 3813 tuta,
1154 3745 1187 3799 ut
1206 3740 1331 3799 eeclesia
1352 3743 1487 3798 Romana
1501 3744 1596 3796 mater
1610 3741 1639 3795 et
1665 3736 1798 3806 domina,
1815 3738 1894 3796 Gesi-

181 3824 356 3884 airatribus
367 3824 458 3899 hujus
470 3826 602 3884 coenobii
623 3831 668 3884 est
684 3827 716 3884 in
731 3828 873 3888 abbatem
887 3832 1009 3901 electus,
1065 3830 1166 3887 nensis
1181 3830 1245 3903 ejus
1258 3825 1889 3903 specialis,singulariejuredicaturetiilia.

181 3913 245 3987 (aa.
262 3915 447 3988 erearum).
470 3915 598 3981 Quidam
613 3931 685 3975 vero
697 3933 734 3974 ex
757 3919 906 3991 prioribus
922 3922 1011 3980 nimis
1064 3918 1209 3977 ltevolvite
1236 3917 1404 3976 casinensis
1417 3915 1546 3974 eoenobii
1563 3914 1739 3985 munimine,
1754 3914 1893 3988 ejusdem

180 4001 371 4075 bascindigne
382 4002 517 4075 terentes,
529 4004 644 4063 caeteris
656 4005 865 4077 ignorantibus
873 4009 1011 4070 clanculo
1063 4008 1157 4065 libros
1171 4011 1364 4080 perscrutate,
1380 4009 1409 4064 et
1432 4005 1464 4063 id
1479 4004 1558 4062 unde
1585 4019 1666 4062 nunc
1679 4019 1779 4062 sermo
1793 4004 1894 4076 agitur

181 4092 221 4151 ad
233 4107 347 4167 papam
354 4093 778 4166 nonoriunlirteresdirigunt,
785 4097 1010 4160 seditioseillnm
1063 4097 1197 4171 poteritis
1206 4095 1341 4153 invenire
1354 4111 1361 4153 :
1374 4095 1398 4152 si
1414 4110 1486 4152 rere
1498 4109 1561 4152 non
1582 4092 1716 4168 potestis,
1744 4093 1891 4151 mendacii

181 4185 414 4257 etnequequam
424 4183 568 4240 canonice
590 4181 718 4242 electum
735 4199 799 4243 esse
812 4186 1008 4256 affirmantes,
1063 4186 1178 4258 arguite
1187 4202 1195 4253 ;
1204 4186 1252 4242 sin
1263 4195 1365 4243 autem
1379 4183 1510 4258 potestis,
1519 4181 1611 4241 nolite
1618 4180 1734 4239 veritati
1744 4182 1890 4250 resistere,

179 4268 317 4330 Pontifex
330 4276 432 4329 auom
444 4288 511 4330 cum
526 4270 689 4344 Nycoleum
704 4271 804 4331 adbuc
814 4273 1009 4334 electumesse
1063 4275 1153 4336 nolite
1166 4277 1309 4332 Romane
1322 4272 1451 4331 ecclesie
1460 4286 1639 4344 repugnare,
1649 4269 1742 4328 nolite
1754 4270 1893 4343 ejusjux·

178 4364 316 4429 nesciret,
327 4361 503 4431 Gregorium
517 4359 696 4418 cardinalem
713 4360 787 4419 tituli
802 4364 1009 4436 Apostolorum
1026 4354 1049 4413 Ι)
1063 4362 1196 4421 sionibus
1212 4362 1359 4421 contraire
1373 4379 1382 4430 3
1394 4358 1893 4432 sedexcnjusuberibusfldeisalu·

179 4447 649 4520 adbocmonasteriumdirigens,
658 4452 1011 4527 mandatquatinuseJus-
1062 4456 1123 4510 tem
1137 4450 1267 4520 suxistis,
1284 4451 1350 4524 eius
1368 4448 1554 4524 jussionibus
1565 4448 1680 4506 studete
1695 4447 1726 4507 in
1746 4448 1891 4506 omnibus

179 4535 249 4594 dem
265 4536 397 4609 Gregorii
419 4537 543 4597 consilio
570 4537 773 4596 Seniorectum
797 4539 931 4614 Capuani
945 4560 1009 4601 mo
1062 4540 1276 4614 obtemperare.
1294 4559 1308 4592 e
1324 4541 1406 4595 Tunc
1419 4536 1523 4595 iratres
1533 4535 1738 4594 necessitatem
1754 4535 1891 4609 temporis

178 4625 301 4690 nasterii
308 4628 502 4700 prepositum
516 4627 547 4683 in
560 4630 714 4700 pastorem
726 4633 755 4685 et
766 4627 908 4689 abbatem
924 4632 1007 4691 Gasi-
1061 4629 1262 4696 ostendentes,
1282 4626 1437 4702 apostolici
1460 4624 1646 4683 voluntatem
1662 4640 1694 4681 se
1715 4624 1891 4698 impleturos

177 4727 286 4772 nenses
297 4714 402 4774 iratres
412 4714 592 4773 unanimiter·
603 4715 754 4786 eligerent,
768 4717 806 4775 de
818 4734 880 4793 que
892 4724 1007 4780 etoeus
1061 4719 1201 4784 latentur,
1222 4717 1248 4774 si
1261 4715 1388 4793 parendi
1403 4714 1529 4773 lautiora
1556 4719 1686 4787 tempera
1715 4712 1866 4772 evenirent
1880 4730 1888 4784 ;

176 4802 386 4874 honoraretur,
396 4809 424 4863 et
440 4804 591 4875 religionis
600 4806 843 4868 statuiniamoso
852 4809 1006 4871 Gasinensi
1061 4807 1165 4881 sicque
1179 4807 1345 4866 discessum
1359 4821 1378 4864 a
1391 4802 1522 4877 capitulo
1534 4806 1588 4860 est.
1600 4801 1827 4860 Oderisiusrero
1840 4817 1890 4860 eo-

175 4896 358 4953 monasteric
372 4909 425 4966 per
436 4893 462 4966 ej
468 4909 502 4950 ue
511 4892 689 4952 industriam
702 4896 856 4966 roborato,
871 4900 1007 4959 bonaec·
1061 4889 1757 4969 gnitaNycolaiinsperataelectione,agiliterad
1766 4905 1888 4952 roccam

175 4980 274 5048 elesius
289 4989 351 5041 tam
365 4982 507 5056 spiritalia
520 4998 613 5057 quam
639 4985 817 5058 temporalia
843 4987 875 5043 in
898 4990 1006 5048 melius
1060 5002 1128 5060 que
1143 4984 1254 5042 Barba
1266 4982 1376 5042 dicitur
1388 4981 1529 5054 pervenit,
1543 4980 1704 5054 pecuniam
1718 4985 1888 5054 opportune

175 5078 366 5145 augerentur.
380 5071 445 5146 lpse
456 5088 587 5147 namque
596 5073 620 5128 si
633 5078 931 5146 opportunumessel,
941 5094 1005 5137 mo·
1059 5078 1231 5148 importune
1243 5072 1410 5145 dispensat,
1418 5069 1559 5127 etmilites
1572 5067 1887 5143 undecumqueaggre-

172 5161 337 5226 casterium
354 5166 556 5230 manutenere,
568 5161 735 5229 deleudere,
747 5168 775 5221 et
790 5163 935 5236 adjurare
952 5184 1004 5241 pa·
1059 5177 1145 5237 gans,
1160 5156 1646 5235 igniferroqueeaetraquaeeidem
1657 5155 1791 5231 Nycolao
1803 5156 1887 5217 iare·

170 5255 255 5308 ratus
267 5254 352 5308 esset.
367 5251 492 5308 Veniens
507 5256 607 5310 autem
618 5250 777 5324 predictus
790 5253 953 5314 cardinalis
962 5258 1004 5316 ad
1057 5251 1131 5310 bant
1145 5249 1290 5309 demolire
1304 5248 1457 5307 solotenus
1470 5246 1567 5320 coepit

169 5337 398 5406 monasterium,
412 5338 517 5397 iratres
531 5344 684 5409 convocat,
698 5347 727 5398 et
736 5342 817 5416 quod
832 5359 913 5418 papa
927 5361 1025 5436 pras·
1094 5344 1139 5399 00.
1154 5343 1214 5398 lloc
1228 5340 1339 5397 interea
1351 5351 1433 5395 anno
1447 5333 1596 5393 Goffrrdur
1606 5333 1685 5393 illius
1694 5332 1835 5393 chbardr
1848 5336 1887 5394 de

173 5431 290 5499 ceperat
303 5426 433 5484 seriatim
447 5428 590 5485 enuntiat.
601 5429 687 5496 Quod
701 5429 770 5488 dum
785 5430 892 5491 iratres
902 5409 1025 5493 audie·
1056 5423 1176 5502 Aquila,
1188 5442 1249 5485 ¹111&
1261 5441 1331 5483 oum
1343 5423 1491 5482 Riohbfdt)
1506 5420 1605 5481 001001
1612 5422 1739 5480 domm
1748 5421 1887 5482 0¹R⁸⁰1¹0

176 5516 398 5584 contuemur
418 5516 495 5578 inter
519 5531 571 5579 eos
585 5517 688 5593 ingens
710 5525 833 5596 repente
859 5523 1001 5598 crentur,
1057 5516 1178 5579 Rxbslis
1192 5514 1253 5578 tilio
1267 5519 1402 5575 castrum
1414 5511 1517 5593 sulum
1526 5511 1580 5573 dru
1590 5510 1784 5592 multumque
1794 5525 1889 5591 expu
