3884 6050
197 220 251 285 399
765 212 922 274 nonum
940 205 1093 269 tenetls
1112 205 1143 264 S.
1163 206 1343 268 taunasis
1853 204 1909 265 tuo

199 341 1021 411 eidemobsidibusdsttsltomiliascutatorumvsterum:
1037 331 1149 391 Alitati
1164 337 1193 391 et
1202 333 1359 407 sponsioni
1370 330 1502 408 prelatus
1514 324 1713 401 duxbeuignc
1724 331 1908 389 condescen-

196 438 267 497 duci
280 450 352 495 vern
374 433 539 492 Brebaneie
558 431 760 506 promiserunt
774 429 935 488 servituros
947 428 1023 484 selo
1076 422 1285 490 dens,eosdem
1292 418 1905 497 quasimortidsstinatos,illesosadipsum

195 514 1024 596 diebmsubsuisexpensiscumbtldpedestribnsrequi·
1075 508 1906 587 opidumredirepermisit,etcumomnisuorumcomi·

195 615 312 673 sitisllt.
325 612 479 672 Decedam·
491 613 565 670 cum
571 610 627 669 bec
634 614 804 681 agerentur,
816 605 1023 665 trudonenses
1076 602 1137 661 tiva
1148 600 1187 659 ab
1198 602 1527 675 hujusopididistruotu
1537 597 1905 657 sinistrorsumdeelinans

194 703 354 777 angustiati
368 704 418 770 ⁵⁸⁰,
429 700 469 759 ab
480 697 724 772 adjutorioomni
736 696 864 755 civitatis
878 700 909 753 et
919 693 1021 767 opida·
1075 706 1179 749 versus
1192 690 1403 759 Brabeuciam,
1418 688 1905 764 paucosexsuisintraipsumopi·

193 785 1022 861 norumLeodiensiumaepropriorumdominorumsuo·
1075 777 1149 836 dum
1164 779 1264 837 Sancti
1279 778 1427 837 trudonis
1442 779 1472 837 in
1487 777 1618 852 propriis
1632 776 1770 850 expensis
1784 782 1903 835 tautum

192 898 261 941 rum
272 881 398 940 omnino
410 877 540 937 destituti
559 892 595 934 ec
606 875 749 950 deperati,
763 875 924 932 adventum
935 870 1021 930 ducis
1075 872 1302 941 pernoctaturos
1314 865 1553 934 transmisit.Qui
1566 865 1798 938 signaetrexilla
1809 866 1904 941 ipsius

192 970 356 1030 brabancie
369 984 439 1027 cum
454 981 510 1024 suo
520 965 655 1025 maximo
674 965 804 1023 exercitu
826 962 1020 1036 trepidantes,
1075 956 1161 1014 ducis
1177 957 1339 1015 arananeio
1354 973 1407 1032 per
1421 956 1556 1031 hospicia
1572 956 1699 1023 famose,
1710 956 1787 1013 circa
1802 955 1904 1016 torum

192 1076 264 1118 snos
275 1058 449 1116 secretarios
458 1056 604 1113 miserunt
617 1053 788 1119 adducam,
817 1056 847 1110 et
874 1054 906 1109 ut
917 1064 1021 1107 seeum
1075 1046 1142 1114 sita,
1159 1047 1273 1105 cunctis
1286 1046 1449 1119 spectanda
1472 1045 1620 1120 explicata
1634 1045 1736 1119 palam
1751 1061 1847 1120 usque
1862 1047 1904 1103 ad

99 1198 102 1203 ,
192 1146 420 1208 misericorditer
431 1159 521 1219 agere
530 1144 716 1214 dignaretur,
732 1141 834 1217 ipsum
845 1139 978 1213 recipere
992 1138 1021 1194 in
1075 1133 1902 1210 alteriusdieimansexposuerunt.tlquotbonicpidani

191 1253 281 1296 suum
301 1235 489 1312 superiorem
499 1234 693 1298 advocatum,
709 1246 745 1287 ac
756 1230 787 1286 in
798 1244 939 1304 processu
949 1221 1020 1285 belli
1075 1225 1132 1283 sub
1148 1225 1203 1283 elis
1216 1224 1344 1283 volantis
1357 1222 1903 1301 aquileabirrueulibuslerarumden·

190 1342 261 1385 cum
269 1329 362 1385 wtsm
376 1322 570 1381 amandam
584 1321 747 1379 educturus
765 1320 852 1386 toret,
877 1333 914 1376 eo
926 1317 1020 1374 modo
1076 1314 1152 1372 tibus
1161 1316 1269 1372 totiens
1285 1313 1454 1371 obumbrati
1466 1318 1495 1372 et
1517 1313 1619 1386 erepti,
1637 1319 1707 1370 tunc
1724 1311 1902 1385 ungulatum

188 1430 252 1490 quo
265 1413 393 1488 opidum
406 1413 552 1487 Dystence
564 1410 621 1469 sibi
634 1410 667 1468 in
679 1408 874 1479 armisluerit,
887 1421 952 1465 sese
961 1421 1021 1463 ser·
1072 1402 1231 1461 leonemiu
1246 1403 1407 1477 propatulo
1420 1402 1790 1476 expositumcumquanto
1799 1402 1902 1460 cordis

188 1504 303 1562 rituros
322 1501 532 1568 exhibuerunt,
547 1504 576 1558 et
590 1498 630 1557 ad
653 1496 889 1573 promittendum
911 1494 1019 1553 eadem
1073 1491 1187 1559 dolore,
1200 1507 1306 1550 averso
1320 1491 1405 1550 vultu
1418 1490 1641 1566 obliquatisque
1656 1489 1751 1548 oculis
1761 1489 1902 1564 inspexe·

188 1592 339 1667 opidanos
372 1589 582 1648 trudonenses
595 1592 718 1662 paratos
736 1587 799 1644 tore
814 1588 1017 1645 asseruerunt,
1034 1548 1058 1606 B
1072 1581 1157 1639 runt!
1172 1580 1347 1649 Considera,
1361 1580 1463 1648 lector,
1481 1579 1635 1654 prestitum
1649 1578 1728 1636 beati
1741 1578 1900 1646 trudonis,

187 1681 375 1755 Quapropter
389 1678 452 1736 dux
463 1676 573 1736 auditis
590 1675 711 1734 illorum
734 1673 952 1732 assertionibus
967 1672 1016 1739 ⁸⁸¹,
1072 1668 1224 1729 inclamati
1236 1686 1290 1745 per
1301 1669 1461 1727 lacrimosa
1472 1667 1701 1742 suspiriahujus
1721 1667 1778 1725 loci
1789 1683 1900 1728 mona-

187 1761 889 1836 babitoccnsilioammurrteiteratumpaululum
899 1759 1018 1833 mitiga·
1071 1756 1392 1827 eborum,delensiouis
1402 1757 1568 1816 subsidium
1580 1756 1821 1831 3quinonsolum
1836 1774 1901 1815 mo-

186 1856 238 1915 vit.
264 1854 550 1928 tongrensibusque
575 1867 714 1927 pacema
733 1850 853 1909 civitate
877 1849 1017 1924 stupidis
1070 1850 1235 1905 nestorium
1247 1863 1401 1906 servorum
1414 1846 1642 1921 suorum,quod
1655 1845 1685 1903 iu
1700 1862 1755 1903 suo
1775 1849 1899 1921 proprio

188 1939 1016 2012 LeodieusibuslactamoumdomnoLeodieusiepiscopo
1070 1933 1900 2009 allodioediticaverat‚intautopericuloabomnijactura

186 2049 242 2110 pro
255 2031 507 2105 sumnapredicta
519 2028 750 2097 ratificantibus,
766 2028 928 2102 episcopus
945 2043 1016 2085 cum
1070 2024 1187 2099 eripuit,
1202 2025 1255 2083 sed
1270 2026 1359 2084 etism
1383 2023 1610 2100 opidanosbos,
1626 2020 1683 2081 sub
1696 2023 1831 2082 dominio
1844 2039 1899 2083 sue

187 2116 968 2193 sibiauxiliaatibusabipseobsidioneposttriduum,
984 2114 1015 2173 in
1070 2118 1193 2187 paterne
1200 2113 1416 2187 jurisdictionis
1423 2112 1650 2182 constitutos,sb
1664 2114 1709 2171 ira
1718 2113 1897 2185 indignatio·

186 2209 287 2281 vigilia
302 2208 415 2267 scilicet
441 2206 650 2266 sanctilacobi
670 2205 744 2278 (tut.
761 2205 971 2278 2ll,ccssav1t,
987 2209 1016 2262 et
1068 2200 1116 2258 nis
1130 2204 1233 2274 magui
1246 2202 1390 2277 principis
1404 2202 1491 2260 ducis
1510 2202 1675 2261 Brabancie
1691 2207 1720 2261 et
1735 2202 1894 2261 hominum

185 2297 350 2369 manuum
362 2295 495 2354 octones
507 2293 667 2364 universis,
680 2294 732 2368 qui
746 2292 803 2351 sibi
814 2292 913 2350 lutam
927 2291 1015 2350 victo·
1070 2290 1372 2365 suepatrie,quoslsti
1381 2290 1896 2362 gravitermultociensoffeuderant,

185 2385 267 2444 ricso
278 2381 789 2458 triumpboauxiliumoportunum
803 2380 1016 2456 prestituerant
1068 2380 1243 2439 mirabiliter
1257 2384 1286 2438 st
1310 2380 1546 2439 inestimabiliter
1570 2381 1708 2440 salvavit.
1730 2383 1765 2440 lle
1781 2385 1894 2442 sedan.

185 2472 357 2541 exhibebat,
367 2473 470 2549 sicque
485 2476 567 2532 moto
581 2472 711 2530 exercitu
724 2470 834 2542 singuli
846 2470 886 2528 ad
899 2485 957 2528 sus
969 2485 1014 2528 re·
1068 2469 1256 2529 Credendum
1265 2469 1386 2544 iusuper
1397 2470 1596 2528 verisimiliter
1611 2471 1728 2540 estimo,
1743 2472 1896 2547 prelatum

185 2561 382 2621 dieruntllux
395 2577 467 2621 vero
481 2560 658 2629 Brabancie,
668 2559 827 2619 intendens
841 2559 1014 2617 trudonen-
1067 2558 1176 2618 ducem
1192 2558 1355 2617 Brabancie
1379 2559 1644 2634 proptertavorem
1665 2565 1694 2618 et
1715 2561 1893 2632 subsidium,

186 2666 233 2709 ses
247 2656 370 2726 propter
381 2650 513 2725 prelatas
524 2649 702 2724 sponsiones
710 2649 889 2707 obtinendas
901 2648 1014 2707 adam·
1068 2664 1146 2723 quos
1160 2648 1316 2722 ergnhanc
1325 2647 1479 2707 abbatiam
1490 2665 1560 2723 sepe
1570 2650 1710 2719 exercuit,
1724 2650 1893 2724 peripsum

185 2739 254 2813 puis
266 2754 449 2814 preservare,
461 2738 587 2813 precipit
600 2754 654 2813 per
667 2737 935 2797 totumexercitum
947 2737 1014 2794 Bra·
1032 2765 1052 2822 c
1067 2742 1205 2796 sanctum
1221 2737 1340 2796 llomini
1359 2739 1528 2796 trudonem
1544 2755 1563 2796 a
1590 2738 1822 2815 depopulatione
1837 2738 1896 2798 loci

185 2827 304 2893 bancie,
319 2832 353 2887 ut
366 2827 468 2886 nutus
481 2842 536 2900 per
546 2826 672 2902 opidum
689 2826 788 2885 Sancti
800 2825 946 2884 trudonis
958 2825 1014 2883 iter
1066 2825 1158 2900 hujus
1172 2825 1326 2884 salubriter
1340 2833 1547 2900 preservatum
1563 2828 1635 2886 lore.
1649 2831 1724 2886 Nam
1738 2844 1806 2886 cum
1821 2834 1895 2887 lem·

185 2916 338 2991 arriperet.
352 2916 450 2986 Quare
463 2916 586 2988 contigit
594 2920 626 2975 ut
639 2915 688 2973 ille
701 2915 845 2991 copiosus
856 2915 1011 2988 exercitus,
1067 2928 1139 2989 pore
1151 2914 1269 2988 imperii
1281 2914 1397 2972 ilenriei
1405 2914 1493 2989 primi
1503 2917 1569 2973 Otto
1582 2914 1644 2973 dux
1654 2916 1895 2989 Lotbaringieds

186 3010 279 3065 aloto
290 3005 426 3065 districtu
437 3003 533 3079 ipsius
547 3003 629 3079 opidi
641 3019 662 3061 a
674 3002 786 3063 dextris
802 3009 830 3061 st
852 3020 871 3061 a
885 3004 1011 3062 sinistris
1067 3004 1154 3078 quus
1163 3003 1330 3079 propagine
1342 3004 1396 3062 iste
1411 3004 1562 3063 lohannes
1573 3005 1635 3063 dux
1645 3004 1808 3064 brabancie
1827 3022 1899 3082 pro·

186 3092 351 3166 declinans,
363 3109 419 3153 nec
435 3093 618 3152 intructibus
632 3108 787 3173 agrorum
802 3108 862 3167 que
876 3097 945 3150 tunc
955 3108 1013 3152 ma·
1067 3093 1167 3159 cessit,
1183 3092 1307 3168 opidum
1321 3095 1376 3151 hoc
1389 3093 1539 3162 intrasset,
1554 3097 1582 3152 et
1595 3110 1650 3168 per
1665 3110 1735 3152 suos
1750 3096 1816 3169 ipso
1829 3111 1896 3170 pre·

186 3183 327 3242 lucebant
337 3182 378 3242 ad
390 3199 534 3249 messem,
545 3197 643 3256 nsque
657 3182 688 3239 in
716 3182 1013 3257 aliquoquocunque
1067 3186 1150 3240 sente
1167 3181 1897 3259 bonamonasteriihujusmeuusacrilegadepre·

186 3273 330 3347 cuiquam
339 3277 556 3331 nocumentum
569 3271 746 3330 inferebant.
779 3273 816 3328 llc
830 3272 938 3330 eodem.
964 3273 1013 3331 Se·
1066 3269 1131 3329 dari
1142 3270 1369 3343 lecissetstatim
1384 3275 1544 3346 utportam
1558 3271 1679 3331 claustri
1690 3273 1896 3344 exiit,sanctus

186 3362 290 3435 quenti
301 3366 400 3420 autem
414 3361 463 3419 die
476 3361 539 3433 (lul
550 3364 606 3433 25),
623 3359 734 3419 scilicet
745 3359 792 3417 die
801 3359 882 3418 beati
893 3360 1010 3429 lacobi,
1065 3360 1173 3428 trudo,
1183 3359 1326 3418 sicutdux
1335 3358 1383 3417 ille
1398 3375 1434 3417 ex
1448 3360 1598 3435 probabili
1610 3361 1696 3433 signo
1709 3361 1809 3420 lassus
1826 3361 1894 3434 tuit,

184 3450 318 3525 prelatus
328 3450 388 3508 dux
398 3466 468 3509 sum
479 3466 535 3508 suo
550 3449 681 3508 exercitu
687 3448 756 3507 ville
762 3449 910 3523 appellate
920 3452 1012 3509 lisere
1065 3448 1196 3508 eundem
1208 3449 1285 3507 inter
1298 3448 1439 3519 scapulos
1453 3450 1537 3522 gravi
1552 3450 1611 3509 ictu
1620 3451 1895 3526 percussitouipre

187 3540 265 3614 (att)
276 3540 474 3614 appropians,
489 3538 590 3597 missis
605 3539 722 3596 nunciis
746 3538 909 3596 adventum
922 3555 1012 3597 suum
1065 3536 1343 3609 nimioflangorerix
1353 3537 1789 3612 usquetralectumprolectus,
1800 3541 1894 3599 tercia

185 3627 430 3687 trudonensibus
440 3626 1013 3701 designaritouicontinuuhabitocon·
1065 3624 1114 3683 die
1128 3626 1262 3698 spiritum
1276 3625 1406 3684 exalavit
1418 3625 1891 3704 stflliamunicsmreliquitttllt).

187 3715 265 3787 silio,
288 3716 503 3792 preservationi
517 3715 564 3773 sui
579 3715 662 3789 opidi
684 3732 846 3791 corporum
861 3721 890 3774 et
910 3732 1012 3775 rerum
1065 3718 1198 3773 Preterea
1213 3719 1280 3788 post
1291 3714 1406 3789 aliquot
1418 3716 1563 3790 temporis
1575 3716 1697 3791 quidam
1725 3718 1768 3775 vir
1780 3732 1894 3790 magne

186 3822 310 3864 suerum
320 3804 442 3863 subicite
455 3802 651 3878 providentes,
664 3819 735 3861 rum
744 3819 867 3861 suorum
878 3802 1010 3861 multitu·
1065 3803 1231 3862 devotionis
1243 3809 1271 3862 et
1285 3804 1433 3862 literature
1447 3804 1528 3863 venit
1539 3805 1633 3863 tnhoc
1647 3806 1748 3881 opido.
1758 3805 1893 3876 Quicum

186 3893 256 3951 dine
267 3891 1011 3966 humiliteretiuermeserieruntobviamipsidom·
1026 3903 1049 3960 D
1066 3893 1198 3952 audisset
1210 3892 1293 3966 quod
1305 3892 1365 3950 dux
1389 3892 1554 3951 Brabancie
1576 3897 1604 3952 et
1619 3898 1679 3953 tota
1694 3910 1751 3952 sua
1783 3895 1894 3968 patria,

185 3997 227 4040 no
239 3982 320 4052 duci,
335 3986 475 4040 eventum
489 3982 559 4040 tacti
568 3980 739 4056 expropriis
753 3980 1011 4040 demeritistormi·
1065 3981 1895 4057 quamvispermuimetrudonensessaneindiuexosos

186 4070 300 4128 dantes.
315 4069 430 4138 Quibus
445 4070 486 4128 sic
501 4070 671 4143 inplanicie
695 4069 866 4146 campestri,
886 4070 1011 4145 quesite
1064 4071 1221 4139 haberent,
1237 4070 1425 4139 tumendum
1437 4069 1623 4130 debelloubi
1638 4073 1816 4131 leodienses
1825 4090 1895 4132 suc·

185 4162 232 4219 est
241 4160 427 4232 interipsum
435 4157 558 4232 opidum
565 4159 812 4234 etappendicium
818 4157 883 4216 ville
893 4157 1011 4217 Bruste-
1064 4158 1233 4218 cubuerunt
1246 4159 1405 4226 redierant,
1420 4159 1459 4217 sd
1473 4175 1581 4234 pacem
1595 4160 1661 4218 illos
1673 4161 1737 4219 sine
1748 4164 1892 4222 devasta-

185 4246 1010 4322 miensis,quodvocatnrltruxkemcongregatis.super·
1064 4247 1144 4306 done
1157 4252 1366 4323 susceperant:
1378 4248 1478 4306 statim
1487 4248 1623 4322 quesivit,
1637 4265 1677 4307 an
1692 4251 1893 4325 alicujussen·

184 4335 1007 4412 venitpretatusduxcumsuamultitudineasmatorum,
1064 4336 1104 4394 cti
1118 4336 1170 4393 Ilei
1186 4351 1295 4410 corpus
1307 4335 1339 4393 in
1355 4336 1412 4394 hoo
1432 4336 1498 4395 loco
1526 4336 1713 4396 obtineretur.
1741 4341 1793 4398 (liri
1818 4356 1891 4400 cum

184 4426 267 4501 ipsos
281 4425 507 4496 circoncingens
521 4426 552 4483 in
567 4424 694 4483 modum
708 4439 827 4483 corone.
849 4424 902 4481 Cui
913 4423 954 4481 illi
966 4423 1009 4481 sic
1063 4424 1291 4498 responderetur
1316 4425 1389 4499 quia
1411 4425 1579 4483 fundatoris
1596 4426 1688 4499 hujus
1716 4431 1892 4488 monasterii

184 4514 342 4586 angariati,
356 4515 513 4573 anteactis
528 4513 660 4587 capuciis
678 4517 707 4571 et
721 4512 1007 4587 genibusprostreti,
1063 4513 1253 4588 corpusdum
1264 4513 1527 4574 duorumaliorum
1536 4518 1892 4593 sanctorumcorpuribus

184 4602 334 4661 humiliter
347 4603 565 4662 seseroluntati
575 4608 603 4662 et
614 4601 814 4677 pietatiipsius
828 4601 914 4660 ducis
923 4602 1009 4660 obtu·
1062 4602 1244 4675 integraliter
1275 4603 1322 4661 bic
1345 4603 1525 4677 requiescit:
1540 4605 1756 4674 indubitanter,
1779 4607 1890 4682 iuquit,

183 4689 807 4765 lerunt,recongnoaoenteseumdemsuum
816 4691 1007 4763 superiorem,
1062 4692 1890 4766 presumite,unitterampstrocias'osoleotuscsttecm

183 4779 375 4847 advocatum,
400 4778 628 4854 insuperatam
646 4794 791 4853 campane
806 4780 898 4837 totius
924 4782 1009 4858 opidi
1063 4782 1226 4842 utalsiult
1237 4780 1806 4843 traterlobsnuesdeblemculeordinis
1817 4801 1891 4844 san-

183 4868 285 4939 ictum,
302 4876 334 4929 ut
349 4869 554 4943 supradictum
566 4868 793 4934 est,sscundum
804 4885 928 4929 omnem
942 4888 1008 4932 mo·
1063 4874 1100 4931 cti
1114 4870 1272 4942 trancisci,
1287 4871 1340 4944 qui
1352 4875 1421 4944 post
1434 4869 1550 4944 aliquot
1563 4873 1706 4947 temporis
1718 4879 1891 4934 consunter

182 4957 1008 5034 dumcpidillystensissposponderuntouorumhumi·
1063 4959 1167 5020 contra
1179 4958 1398 5032 flagellatorum
1412 4960 1758 5035 hereticampravitatem
1768 4964 1890 5038 publice

875 5112 995 5172 vaura
1014 5112 1213 5174 ssmrouas.
1335 5087 1340 5096 ’

217 5231 254 5272 ⁸⁸·
268 5232 402 5307 requisiti
417 5236 454 5291 t'.
494 5236 533 5274 ⁸⁹⁰
547 5233 708 5307 augustiati
722 5236 759 5292 t‘.
798 5235 1096 5296 ”¹s'ssrususucorr.
1135 5217 1261 5296 '’tell‘-

971 5359 1088 5419 NQTAE.

213 5509 290 5584 (tlt)
309 5511 409 5579 lisera,
425 5455 673 5571 {mototmdoni
695 5513 839 5570 eminam.
1087 5510 1231 5585 (tttltltr.
1252 5525 1346 5586 supra
1363 5526 1392 5570 a.
1406 5512 1487 5573 tuce.
