3884 6050
188 216 265 285 titt
898 204 1176 287 mortuom
1812 206 1892 285 itti

184 355 265 419 runt,
284 354 356 409 tuno
369 363 458 408 mons
471 346 510 407 de
520 346 643 408 dextero
657 347 715 406 illis
727 348 780 422 qui
790 348 966 423 apparebat,
978 349 1008 406 in
1025 348 1245 423 Albutrisque
1257 362 1329 406 raro
1343 344 1892 425 partibustoensillaegrosautrinaas,

183 438 325 514 proximo
346 437 441 496 laetus
467 442 522 506 eat,
545 443 575 496 et
593 437 753 511 jungentes
777 453 808 494 se
823 437 880 510 ipsi
902 438 1008 508 monti,
1063 437 1195 511 nihilque
1208 437 1281 494 aluit
1295 454 1302 505 ;
1316 436 1374 493 illio
1386 443 1432 495 est
1445 436 1501 494 nisi
1513 453 1592 510 aqua
1604 442 1633 495 et
1642 438 1763 496 arbores
1775 439 1893 514 palma·

181 527 360 603 perveniunt
368 526 407 584 ad
413 525 594 594 mare;latus
603 531 699 583 autam
706 523 896 583 montisillius
902 526 1009 585 excelsi
1062 540 1140 583 rum.
1153 526 1249 598 Prope
1261 540 1342 593 varo,
1358 525 1397 582 ad
1412 524 1694 583 virumearoniad
1708 526 1789 585 mille
1804 527 1893 602 quin·

182 614 222 674 de
234 615 339 674 dextro
351 613 409 671 illis
420 613 566 683 veniebat,
582 620 611 673 et
629 614 762 673 maredo
781 613 920 681 sinistr03
937 621 1009 674 tune
1062 619 1167 686 gentos
1179 629 1287 687 passus
1311 618 1547 684 coangustantur
1566 621 1683 672 montes
1698 612 1750 683 illi,
1780 622 1815 673 ut
1843 616 1893 675 vix

182 703 283 763 subito
294 703 487 762 euntibuseis
502 710 570 761 ante
582 703 662 777 ipsos
689 703 827 777 apparuit
849 702 1009 778 loousipse
1061 702 1183 774 triginta
1198 702 1336 775 passibus
1349 701 1412 759 tata
1426 701 1465 759 ibi
1480 701 1518 759 sit
1533 701 1618 759 ratiis
1632 702 1690 760 illa.
1708 703 1751 761 lbi
1761 704 1893 779 appella·

181 792 330 852 ubimons
342 791 457 850 inrnarl
467 792 625 865 jungebat,
641 793 702 849 imo
715 790 1007 865 ingrediebatur,nbi
1061 795 1109 848 tur
1117 789 1202 849 loeus
1216 789 1264 848 ille
1275 789 1435 863 Rephidim
1453 791 1505 847 ubi
1518 790 1639 849 limatae
1666 792 1795 850 oeeurrit
1821 793 1891 851 filiis

180 881 383 956 promontoria
396 880 517 939 iaciunt.
538 881 669 954 Campus
684 887 783 938 autem
797 880 870 955 ipse,
884 882 935 939 ubi
955 882 1005 940 filii
1060 879 1160 948 lsrael,
1175 884 1204 936 et
1214 879 1264 936 ubi
1278 878 1476 937 murmuravit
1488 879 1616 952 populus
1631 896 1685 954 pro
1700 896 1792 955 aqua,
1803 884 1892 942 stubi

178 970 694 1029 lsraeluooteillamaususruntoum
702 969 1005 1043 Moyseinfloitusest,
1059 967 1159 1026 tetbro
1173 968 1376 1040 souarlloysis
1391 966 1667 1026 eiooourrit.Loeus
1682 970 1810 1028 reroubi
1825 988 1891 1031 ora·

179 1064 209 1118 at
222 1059 361 1134 planities
373 1061 439 1134 eius
453 1058 569 1131 ingena.
583 1058 676 1116 Distat
700 1074 772 1116 vero
793 1057 876 1115 locus
894 1059 947 1116 ubi
962 1059 1006 1118 in·
1059 1056 1100 1114 rit
1113 1056 1647 1131 ltoyses,quandotesusexpugnarit
1656 1057 1788 1130 Amalec,
1799 1077 1890 1119 mons

178 1148 389 1207 oumbitmons
402 1147 435 1205 in
444 1163 525 1205 mara
538 1163 559 1205 a
572 1152 670 1204 rastro
683 1147 799 1206 Clesma
812 1148 1007 1222 passusquin·
1059 1144 1195 1205 excelsus
1210 1149 1255 1203 est
1269 1144 1390 1203 raideet
1401 1145 1695 1215 erastus,imminans
1708 1163 1799 1222 super
1814 1149 1891 1207 Pha·

178 1241 291 1310 gentos.
299 1237 378 1294 Inter
386 1240 518 1294 rastrum
524 1240 624 1293 autern
639 1239 668 1292 et
677 1235 779 1310 ipsum
793 1240 927 1292 montem
942 1252 1004 1293 ma·
1058 1251 1124 1293 ron.
1142 1233 1192 1293 Ubi
1206 1239 1307 1291 autem
1319 1234 1415 1292 oravit
1435 1236 1561 1308 ltoyses,
1575 1233 1699 1293 eeclesia
1723 1251 1804 1294 nune
1818 1252 1889 1296 eon·

178 1324 248 1384 dius
263 1327 307 1383 est
322 1325 407 1384 loeus
418 1340 437 1383 a
448 1324 653 1399 promontorio
666 1323 787 1392 montis,
817 1322 865 1381 ubi
879 1325 1004 1398 ingressi
1059 1326 1172 1382 struota
1182 1327 1234 1379 est.
1246 1324 1340 1380 bouus
1352 1322 1888 1397 autemipssquamadmodumsedit,

177 1413 307 1472 suntfllii
314 1414 403 1474 lsrael
411 1413 565 1471 iumareet
572 1414 707 1471 Pharoou
716 1417 781 1486 post
789 1413 1003 1486 eos.Trajeotns
1058 1417 1087 1470 et
1098 1410 1358 1486 quemadmodum
1372 1410 1487 1485 lapidas
1496 1411 1553 1468 sub
1565 1411 1668 1470 oubitu
1681 1412 1787 1471 babuit
1798 1415 1889 1474 nodis

176 1507 289 1571 autem,
305 1503 357 1560 ubi
371 1502 552 1561 transierunt
566 1502 646 1559 siooo
661 1501 737 1576 pade
753 1517 836 1560 mare
859 1501 1002 1573 Rubrum,
1057 1504 1171 1575 parent.
1193 1499 1240 1559 lbi
1253 1499 1343 1557 etiam
1358 1500 1485 1574 lloysas,
1500 1500 1616 1559 devicto
1631 1501 1764 1570 Amalec,
1791 1503 1887 1561 aediti·

175 1590 857 1665 babetostomilliapassusiulato.liareautem
868 1591 1003 1650 Rubrum
1057 1588 1387 1648 eavitaltareltomino.
1404 1590 1437 1646 ln
1460 1596 1577 1647 tantum
1596 1595 1696 1649 autem
1709 1590 1796 1649 loeus
1823 1593 1887 1667 ipse

175 1696 239 1738 non
250 1679 407 1739 boobabet
420 1695 539 1748 nomen,
563 1678 636 1754 quia
661 1680 755 1737 rubra
771 1683 816 1736 est
843 1695 934 1753 aqua,
951 1686 1041 1773 autB
1058 1693 1153 1753 usque
1166 1676 1203 1735 ad
1216 1676 1396 1750 quingentos
1410 1692 1519 1752 passus
1537 1684 1653 1736 erectus
1666 1684 1719 1747 est,
1735 1695 1773 1739 ae
1786 1679 1813 1738 si
1835 1697 1887 1755 per

175 1768 357 1842 turbulenta,
372 1769 424 1828 sed
435 1768 512 1827 adeo
527 1772 573 1826 est
585 1768 727 1842 limpidus
749 1772 779 1826 et
798 1767 964 1841 praelustris
975 1774 1004 1828 et
1057 1768 1200 1842 parietem
1210 1766 1330 1824 subeas.
1339 1764 1380 1823 De
1387 1762 1504 1824 Pharon
1513 1782 1584 1824 raro
1596 1784 1689 1843 usque
1704 1768 1742 1826 ad
1754 1777 1887 1831 montem

175 1857 312 1929 frigidus,
327 1858 398 1916 assi
409 1872 493 1916 mare
504 1857 678 1915 Oceanum:
700 1855 742 1913 ibi
762 1871 853 1914 ossea
863 1856 948 1914 nimii
957 1874 1003 1915 sa·
1057 1857 1270 1915 sanetumSina
1279 1853 1373 1913 millia
1381 1855 1524 1929 tringinta
1534 1856 1675 1931 quinque.
1683 1858 1815 1917 Porroin
1829 1863 1887 1919 Ass

173 1945 256 2020 poris
265 1950 294 2003 et
303 1945 458 2005 suavitatis
471 1950 550 2002 suut.
558 1946 652 2003 Omne
658 1948 759 2002 autem
771 1959 866 2016 genus
872 1943 1003 2019 piscium
1056 1944 1121 2004 roth
1134 1943 1234 2004 adhue
1248 1948 1375 2017 apparet
1387 1944 1648 2018 quemadmodum
1666 1942 1722 2005 tuit
1735 1947 1773 2005 de
1785 1946 1887 2022 lapids

173 2033 205 2091 iu
219 2034 325 2093 eodem
339 2050 423 2092 mara
435 2038 506 2091 suut
527 2034 601 2091 tanti
613 2033 727 2107 saporis
744 2038 776 2090 ut
803 2032 898 2105 pissas
909 2036 1002 2091 maris
1055 2033 1169 2092 vallum
1176 2032 1547 2107 ipsumubibabitaverunt
1556 2033 1610 2091 lilii
1616 2036 1702 2092 lsrael
1714 2051 1780 2094 oum
1786 2053 1887 2095 rerer·

172 2123 275 2182 ltalioi.
287 2123 400 2182 Reinds
407 2121 747 2195 omniaquraounqueda
756 2120 829 2178 mari
837 2120 1002 2180 desiderari
1056 2127 1187 2181 terantur
1201 2137 1220 2179 a
1234 2122 1401 2179 monteboi.
1417 2120 1525 2179 Throni
1540 2122 1630 2180 etiam
1641 2127 1699 2181 tres
1713 2125 1751 2182 ibi
1766 2133 1839 2184 sunt
1852 2127 1888 2185 da

174 2213 280 2280 solent,
300 2212 359 2270 illio
370 2212 411 2270 ad
421 2209 743 2268 eibumabundant.tbi
754 2209 1002 2269 suntbuooinaaat
1054 2209 1204 2285 lapidibus
1216 2208 1286 2267 laoti
1298 2209 1416 2267 modios
1431 2209 1462 2267 in
1476 2210 1593 2268 editiori
1602 2211 1679 2283 loeo,
1694 2228 1772 2270 unus
1782 2215 1887 2288 liugai.

174 2300 325 2375 oonobylii
338 2300 457 2358 diversa
467 2313 587 2372 genera,
617 2296 722 2355 londiti
737 2313 807 2356 varo
821 2302 850 2355 st
870 2299 1001 2356 oonoteas
1054 2298 1161 2372 reliqui
1172 2313 1242 2356 vero
1257 2301 1357 2355 Aaron
1368 2304 1395 2355 et
1407 2297 1604 2357 Jetbro.Cella
1622 2306 1724 2359 autem
1738 2302 1786 2359 ubi
1800 2319 1889 2377 sepa·

173 2387 299 2447 diversa
317 2394 347 2447 et
361 2390 562 2462 ingeniosum
573 2387 654 2444 littus
670 2392 773 2444 autem
794 2386 860 2459 eJus
874 2387 1001 2445 diversas
1054 2393 1120 2447 rata
1134 2387 1188 2445 luit
1202 2387 1288 2445 llario
1301 2386 1410 2461 Moysis
1426 2402 1511 2446 soror
1525 2395 1640 2462 septem
1658 2389 1777 2462 diebus,
1790 2408 1889 2467 usque

171 2478 342 2552 resjaoent,
366 2478 419 2535 sad
446 2477 577 2549 majores
609 2481 638 2533 et
658 2474 1000 2550 pulubriores,quamin
1053 2481 1144 2539 bodie
1154 2496 1243 2555 super
1253 2485 1361 2541 terram
1374 2479 1450 2537 duos
1463 2479 1557 2554 pedes
1570 2482 1690 2540 eminet.
1704 2483 1888 2543 maseroth

171 2566 254 2625 nullo
268 2562 353 2623 mari.
367 2565 518 2623 corallum
534 2564 646 2621 veroin
656 2562 811 2622 illotittora
833 2563 999 2639 plurimum
1053 2568 1441 2644 antemnaqueadmontem
1455 2571 1668 2628 sanetumSina
1681 2571 1888 2633 intermontes

170 2660 224 2714 ast.
241 2657 309 2731 ipso
319 2660 419 2713 autem
434 2669 517 2712 mare
535 2653 667 2711 Rubrum
683 2668 739 2726 par
748 2652 864 2712 Oceano
881 2655 999 2713 ostile
1053 2660 1092 2718 ad
1107 2659 1297 2716 dexteramei
1312 2657 1462 2715 sinistram
1479 2663 1572 2716 totam
1587 2675 1642 2733 per
1659 2658 1767 2719 vallem
1782 2661 1886 2736 ipsam

170 2741 998 2803 sartumreroSureremusestintiuitatesolitudinisiltius
1052 2747 1735 2821 monumentisplenusest.Propereromontem
1745 2757 1884 2809 sanotsun

169 2832 452 2901 inestimabilisubi
467 2829 800 2891 triduoambulaverunt
810 2831 998 2904 sineaquaut
1051 2836 1083 2894 in
1095 2837 1161 2894 loeo
1171 2835 1223 2910 qui
1236 2834 1404 2909 appellatur
1415 2834 1551 2910 sepulcra
1565 2837 1821 2912 concupiscentis
1841 2845 1885 2899 to-

170 2921 290 2981 deserto
304 2927 405 2980 autem
417 2920 475 2979 Sur
488 2938 584 2997 usque
598 2921 636 2978 ed
651 2920 998 2980 Marauestmansiouua
1052 2930 1116 2983 tum
1139 2923 1281 2998 sepulcris
1291 2922 1415 2998 plenum
1431 2929 1486 2981 est.
1499 2926 1665 2999 Antequam
1695 2942 1766 2985 roro
1777 2943 1882 3003 perse

168 3026 223 3088 per
235 3013 317 3088 ripas
327 3009 431 3072 maris.
446 3011 480 3069 ln
490 3013 591 3070 ltaran
604 3026 676 3068 vero
690 3009 815 3068 arbores
825 3008 997 3085 palmarum
1051 3013 1120 3072 nias
1130 3013 1167 3073 ad
1183 3019 1317 3072 montem
1328 3014 1399 3072 Sina
1419 3018 1490 3073 sunt
1503 3031 1555 3074 sax
1570 3021 1688 3075 montes
1701 3016 1754 3092 qui
1766 3017 1884 3079 taoinnt

167 3101 360 3178 pauoissimre
374 3106 453 3159 sunt.
466 3099 639 3158 Suntillioet
649 3073 1033 3173 duolontes,quosedut·C
1051 3105 1159 3164 vallam
1174 3103 1323 3163 infinitam
1339 3103 1549 3179 planissimam
1565 3111 1594 3163 at
1609 3106 1695 3165 valde
1709 3108 1881 3182 pnlobranr.

168 3191 245 3250 oavit
259 3196 381 3249 sanetus
394 3190 511 3263 ltoyses
526 3205 534 3258 ;
551 3188 620 3246 inde
629 3192 730 3245 autem
745 3204 799 3262 per
813 3188 945 3246 triduum
958 3189 997 3247 de
1049 3193 1257 3254 Transsallem
1266 3194 1880 3268 reroipsemapparatmonssanotusSiua.

168 3280 287 3338 sinistro
301 3295 418 3337 eremus
429 3285 473 3336 est
483 3277 615 3335 infinitus
636 3277 667 3334 in
695 3276 797 3335 lorum
821 3276 874 3351 qui
888 3277 997 3337 dieitur
1050 3283 1143 3341 Loous
1155 3288 1266 3348 autam,
1280 3281 1332 3339 nbi
1359 3297 1391 3340 se
1405 3289 1524 3341 montes
1541 3284 1678 3357 aperiunt
1688 3286 1812 3358 junctus
1835 3293 1882 3349 est

166 3368 334 3427 arandara
347 3366 503 3424 Arandara
514 3371 614 3424 autem
629 3371 673 3422 ost
686 3364 771 3423 loeus
777 3405 994 3427 .......
1049 3388 1120 3430 oum
1134 3387 1170 3429 eo
1184 3371 1252 3429 loeo
1266 3371 1316 3428 ubi
1342 3375 1412 3429 suut
1425 3372 1562 3446 aepulare
1577 3373 1834 3448 consummatis
1856 3380 1881 3434 Δ

166 3456 256 3514 Pelim
265 3454 376 3513 fluvius
396 3454 498 3523 ourrit,
525 3454 578 3528 qui
607 3459 710 3511 tamen
736 3458 870 3526 tempora
891 3453 995 3529 aliquo
1048 3459 1309 3519 loeoautemuude
1323 3459 1440 3517 ridetur
1453 3477 1550 3534 usqne
1565 3460 1790 3526 admontem...
1808 3472 1882 3525 sunt

167 3544 306 3610 siccatur,
320 3543 374 3601 sed
387 3542 543 3617 peripsius
557 3543 686 3600 desum.
715 3542 775 3600 sire
795 3544 881 3614 iuxta
895 3542 995 3616 ripam
1049 3548 1222 3623 persatlem
1244 3549 1344 3622 ipsam
1365 3553 1495 3624 quatuor
1508 3549 1593 3608 mitia
1607 3566 1763 3625 passuum.
1788 3555 1881 3614 valtis

165 3629 996 3709 ipsiusinvauiunturaquae.tlerbaveroilliosatisabun·
1047 3641 1144 3694 autem
1167 3639 1237 3710 ipsa
1251 3637 1355 3709 ingens
1377 3637 1466 3695 ratde
1483 3643 1577 3698 ast...
1595 3639 1706 3698 montis
1729 3642 1791 3710 uei,
1808 3658 1880 3716 quaa

166 3723 220 3782 dat
234 3720 661 3795 ;arboresautempalmarum
671 3718 730 3777 illie
744 3720 995 3794 plurimaesunt.l
1048 3725 1139 3785 babet
1152 3726 1182 3783 iu
1202 3725 1389 3797 longitudino
1415 3741 1528 3801 passus
1551 3729 1703 3787 sexdeoim
1727 3730 1832 3800 millia,
1846 3733 1879 3792 in

166 3810 292 3870 transitu
308 3815 408 3869 autem
423 3809 517 3868 maris
530 3807 801 3878 Rubri,idestSur,
814 3810 995 3869 noninreni·
1047 3813 1204 3873 latitudine
1218 3820 1320 3872 autem
1338 3821 1468 3888 quatuor
1479 3815 1581 3891 millia,
1597 3815 1653 3887 Qui
1667 3817 1741 3876 ruit.
1751 3861 1777 3880 ..
1791 3836 1878 3880 mon·

166 3906 215 3959 tur
229 3904 293 3959 tam
306 3898 619 3959 amoenusloousoum
634 3904 717 3957 tanta
737 3902 767 3957 et
791 3899 839 3956 tali
852 3915 943 3974 aqua,
965 3906 995 3960 et
1047 3908 1108 3961 tem
1123 3909 1259 3961 sanetum
1283 3918 1406 3978 pergere
1422 3919 1475 3978 per
1487 3907 1692 3964 transversum
1704 3907 1744 3965 ad
1767 3909 1878 3969 sanam

166 3996 229 4050 tam
239 3989 427 4047 abundanter
436 3987 493 4046 nisi
507 3987 572 4046 iste.
585 3986 658 4044 lude
671 4002 743 4062 ergo
755 3987 857 4046 madia
875 3990 994 4047 mansio
1048 3992 1132 4051 ittam
1159 3992 1339 4050 deambulat
1355 3995 1421 4051 fleo
1448 3998 1608 4053 astantem
1627 3995 1713 4054 valtis
1725 3997 1835 4071 ingens
1849 4005 1879 4060 et

161 4077 251 4156 juxta
274 4092 360 4137 mara
383 4082 439 4136 est.
1048 4081 1879 4165 planissimainquatitiilstraeteommoratisuntquan·

201 4169 330 4225 [tamum
341 4181 411 4224 raro
421 4169 562 4239 appuant
575 4164 637 4222 duo
647 4164 881 4223 montesaroelsi
893 4164 994 4240 valde·
1047 4171 1087 4229 do
1101 4174 1216 4247 ltoyses
1229 4171 1285 4229 luit
1298 4172 1330 4229 in
1355 4179 1487 4230 montem
1507 4175 1710 4248 quadraginta
1727 4177 1835 4237 diebus
1849 4184 1879 4239 et

166 4262 281 4331 aparte
292 4261 364 4314 veto
374 4255 493 4313 sinistra
507 4258 670 4330 antequam
688 4253 728 4311 ad
744 4260 858 4311 montes
878 4253 993 4322 venias,
1046 4260 1247 4336 quadraginta
1260 4260 1405 4318 noctibus.
1419 4260 1516 4319 Loous
1529 4268 1631 4321 autem
1658 4264 1815 4324 ubiiaotus
1832 4273 1879 4329 est

165 4346 251 4405 loous
265 4351 310 4404 est
320 4341 796 4419 ubipluitDominusmannalllits
809 4342 992 4402 lsraellton-
1046 4350 1158 4407 vitulus
1173 4349 1366 4424 usquebodie
1378 4350 1554 4418 ostenditur,
1570 4365 1643 4411 nam
1665 4352 1745 4429 lapis
1755 4356 1878 4429 mandis

166 4435 211 4494 tes
223 4449 294 4493 sero
308 4433 363 4508 ipsi
376 4432 482 4493 exeolsi
492 4436 521 4491 at
545 4432 634 4490 areoti
653 4430 845 4489 valdesuut.
867 4432 912 4488 lb
932 4432 992 4492 alia
1008 4434 1031 4496 n
1046 4437 1087 4495 ibi
1104 4437 1182 4495 fixus
1200 4442 1268 4496 stat

166 4529 268 4583 autem
281 4528 365 4598 parte
374 4519 615 4581 montiumrallis
620 4519 800 4596 planissima
806 4520 993 4580 estabutro·
1081 4530 1149 4585 Raso
1164 4542 1235 4600 ergo
1249 4526 1333 4587 vallis
1347 4527 1415 4602 ipsa
1427 4533 1472 4588 est
1485 4526 1516 4586 in
1531 4529 1619 4603 eujus
1632 4530 1730 4606 eapite
1741 4532 1878 4594 illstoons

166 4627 227 4688 que
236 4619 336 4670 autum
348 4612 438 4671 latere
452 4609 538 4669 vallis
548 4615 666 4668 montes
680 4607 738 4684 ipsi
761 4608 869 4668 exoelst
887 4614 917 4667 at
930 4625 992 4668 ere·
1045 4620 1099 4690 est,
1112 4616 1161 4673 ubi
1172 4620 1276 4674 saneto
1291 4617 1383 4691 ltoysi
1408 4616 1526 4675 loontus
1541 4624 1587 4675 est
1608 4620 1687 4679 Deus
1701 4620 1731 4678 in
1745 4622 1824 4682 rubo
1838 4625 1877 4684 de

166 4700 296 4760 ottsuut.
318 4699 373 4758 Ubi
395 4704 497 4757 autem
522 4706 641 4757 montes
666 4697 761 4773 aperti
788 4703 867 4768 sunt,
886 4703 916 4757 et
930 4698 991 4757 ral-
1044 4705 1122 4777 tgna
1138 4706 1181 4761 Ab
1196 4720 1255 4763 uno
1270 4709 1370 4764 autem
1384 4704 1475 4765 latere
1489 4707 1682 4782 optimusast
1695 4713 1877 4772 aseensusin

165 4790 203 4851 lts
218 4806 269 4849 ser
283 4788 415 4849 millibus
439 4787 579 4863 passibus
600 4788 669 4853 lata,
680 4786 876 4859 longitudinis
890 4794 992 4847 autem
1045 4798 1189 4863 montem,
1203 4798 1232 4851 et
1241 4793 1278 4851 ab
1292 4793 1352 4852 alio
1364 4795 1527 4853 desoensus
1543 4812 1616 4870 :per
1630 4797 1762 4858 medium
1775 4806 1878 4861 autem

167 4880 239 4939 satis
251 4881 317 4955 plus
331 4877 432 4937 babet.
447 4879 558 4935 ltontes
570 4892 638 4934 vero
651 4875 704 4933 toti
717 4891 771 4949 per
784 4890 893 4949 gyrum
904 4893 992 4936 exoa·
1043 4879 1126 4939 saltis
1140 4886 1366 4953 transversatur,
1378 4886 1407 4939 at
1419 4881 1469 4940 bio
1480 4884 1520 4940 ad
1530 4891 1664 4944 montem
1678 4886 1730 4944 bei
1739 4890 1876 4961 perroni-

166 4969 226 5028 rati
241 4974 318 5027 sunt.
328 4968 435 5026 Taliter
449 4964 642 5026 autemlaotas
652 4970 840 5038 sunteryptss
854 4964 956 5033 illre,ut
965 4968 991 5024 si
1045 4973 1100 5026 tur.
1114 4970 1194 5027 ttous
1204 4968 1344 5044 veroipse
1355 4969 1387 5028 iu
1396 4985 1472 5046 gyro
1487 4971 1612 5045 quidem
1621 4989 1699 5031 uuus
1712 4990 1780 5032 essa
1794 4977 1876 5037 vida·

167 5051 988 5131 suspendereroluarisvola,oubioulapuloberrimasint.
1044 5060 1091 5116 tur
1107 5057 1208 5126 ;lntus
1219 5062 1321 5117 autem
1335 5057 1712 5131 plurimisunt,sedomues
1729 5060 1875 5131 titianus

167 5144 409 5220 Unumquodque
421 5140 696 5202 autemoubioutum
710 5141 990 5215 astdesoriptumlit·
1043 5162 1133 5204 mons
1143 5145 1223 5205 Sinai
1238 5146 1415 5222 appellatur.
1432 5149 1575 5223 Speoiatis
1603 5157 1705 5210 autem
1718 5152 1767 5211 illa
1780 5171 1875 5216 mons

167 5234 236 5293 taris
250 5233 391 5291 tlebrmis.
405 5239 497 5308 Aqua
507 5235 597 5291 etiam
607 5231 647 5289 ibi
660 5230 782 5288 bouaet
796 5229 989 5292 abundantes
1043 5241 1088 5294 est
1098 5236 1130 5293 in
1139 5237 1226 5312 eujus
1235 5236 1406 5294 summitate
1420 5242 1466 5296 ast
1482 5237 1533 5295 illo
1545 5239 1641 5314 loous,
1656 5241 1708 5298 ubi
1722 5241 1875 5306 deseendit

167 5322 240 5382 satis
254 5322 285 5380 in
297 5327 430 5379 extrema
438 5319 515 5379 valla
523 5319 658 5388 suntsed
667 5318 837 5394 nonquates
846 5319 989 5381 iulielim.
1044 5322 1185 5395 maiestas
1199 5323 1261 5389 liei,
1275 5323 1459 5397 quimonsiu
1471 5326 1715 5386 modioomnium
1721 5332 1874 5392 montium

167 5410 263 5471 Loous
270 5425 341 5468 vero
347 5408 677 5483 ipsesooaturdesertus
683 5409 810 5477 Pharon,
820 5410 900 5467 unde
912 5410 990 5470 missi
1044 5417 1108 5487 sst;
1124 5416 1153 5470 et
1166 5427 1236 5470 oum
1250 5426 1362 5479 omnes,
1377 5413 1430 5486 qui
1459 5428 1512 5487 per
1527 5430 1637 5490 gyrum
1649 5423 1720 5478 sunt
1734 5420 1881 5490 exrelatu,

167 5491 630 5599 sontexploratorssattoysoqut
637 5491 860 5558 considerarent
869 5503 990 5562 terram·
1045 5500 1115 5564 dmi
1129 5500 1197 5573 sint,
1209 5504 1310 5560 tamen
1320 5500 1384 5580 ipse
1394 5500 1442 5564 ille
1455 5503 1659 5578 medianusin
1673 5521 1736 5590 quo
1747 5507 1874 5578 dom,
