3884 6050
72 247 121 303 att
468 242 583 301 Gesta
599 244 678 299 ΛΒΒ.
698 240 854 299 TRUDON.
873 263 911 283 -·
928 237 1165 301 continuatio
1186 247 1230 302 lll.
1251 248 1340 305 PARS
1359 249 1392 305 ll.
1733 253 1785 310 322

71 370 234 431 benedicta
260 370 439 446 corporibus
465 373 494 429 et
515 368 686 434 incensatis,
712 372 741 425 et
763 367 805 424 sic
828 363 944 424 tarrae
960 367 1129 427 christianis
1143 376 1231 444 capta
1241 376 1296 441 est,
1311 375 1377 447 ipso
1391 378 1462 432 tuno
1474 375 1554 434 iacto
1568 392 1638 448 rege
1649 379 1787 436 thoroso

72 461 272 534 operirentur,
288 459 455 519 mandarit,
473 458 558 526 Quod
572 459 614 516 ita
626 458 741 515 lactum
755 456 819 513 luit.
961 457 1034 515 lima
1047 473 1129 517 anno
1140 462 1320 535 precedenti,
1329 463 1387 521 boc
1398 479 1480 521 anno
1488 465 1624 523 moritur.
1637 468 1670 524 lit
1679 466 1787 525 eodem

107 549 217 624 [Saces.
232 551 325 608 lact.
342 550 471 621 afilia]
488 550 574 606 Anno
589 549 626 585 ⁸⁰⁸
641 546 802 621 igiturque
814 561 907 619 supra
962 562 1043 605 anno
1050 549 1360 625 Henricusimperator
1367 554 1525 610 henricum
1535 554 1788 626 hamburgensem

74 642 146 697 1085
154 640 281 697 Romani
290 639 447 696 henricum
454 637 814 711 imperatoremquartum
822 633 907 705 regni
961 638 1019 695 sibi
1030 637 1226 697 rebellantem
1239 641 1279 698 ad
1288 641 1470 700 deditionem
1483 643 1590 715 coegit,
1608 649 1788 720 receptoque

73 729 200 787 nomine
214 727 372 802 recipiunt,
388 742 539 785 accorum
551 723 665 798 judicio
680 724 813 799 prelatus
826 739 908 798 papa
961 729 991 785 in
1005 729 1101 801 gratia
1113 728 1209 787 multa
1221 730 1371 789 mediante
1382 732 1509 805 pecunia
1523 731 1668 791 ducatum
1684 734 1790 792 hotha-

74 816 236 890 Gregorius
258 833 278 874 a
303 819 417 891 papatu
441 814 644 888 abiudicatur,
659 820 688 872 et
710 814 847 871 Clemens
860 813 907 871 illc
960 818 1056 889 ringie
1069 823 1229 876 vacantem
1241 818 1365 876 confert.
1381 821 1432 877 ilic
1453 820 1608 879 sciendum
1620 822 1787 895 diligenter,

73 906 303 964 inthronizatur.
320 910 406 962 huno
417 904 677 979 huocpreoedcnti
692 902 907 961 monasterinm
961 907 1117 982 quodduo
1133 913 1205 967 sunt
1216 912 1246 966 et
1258 909 1377 967 luerunt
1390 910 1481 967 duces
1497 910 1696 984 Lotharingie,
1715 928 1790 987 quo·

74 995 259 1066 armigerae
277 993 408 1066 sumpsit
422 993 590 1052 exordium.
960 1012 1029 1053 rum
1044 996 1132 1054 unius
1144 996 1270 1055 ducatus
1284 998 1387 1072 incipit
1396 1014 1490 1073 prope
1500 1003 1658 1057 1101000000
1671 1001 1787 1070 urbem,

110 1082 235 1159 [sicea]
247 1087 333 1141 huno
346 1084 383 1120 ⁸⁸⁸
397 1082 514 1141 Domini
524 1098 606 1157 papa
618 1081 830 1155 Gregoriasvll
839 1080 909 1138 exul
961 1091 991 1143 et
1004 1078 1166 1160 porrigitur
1179 1086 1248 1144 inde
1261 1088 1350 1159 iuxta
1363 1087 1507 1145 ducatum
1522 1089 1607 1146 ducis
1621 1089 1748 1155 Austris,
1761 1094 1791 1148 et

73 1173 215 1239 moritur,
235 1172 284 1229 cni
306 1172 404 1231 Victor
423 1171 580 1229 successit.
599 1172 664 1238 Quo
678 1175 798 1229 mortuo
817 1169 908 1227 Urba·
962 1181 1087 1232 vocatur
1098 1175 1157 1233 alio
1167 1176 1289 1233 nomine
1301 1176 1548 1249 mosellanorum
1559 1177 1690 1253 reliquus
1700 1178 1792 1236 duca·

74 1277 134 1319 nus
147 1263 171 1318 ll
180 1265 287 1319 contra
295 1260 508 1334 imperatorem
522 1265 552 1317 ct
562 1260 628 1332 sius
641 1260 816 1334 antipapam
827 1274 908 1317 auno
962 1270 1013 1321 tus
1025 1265 1213 1339 hotharingie
1228 1270 1272 1324 est
1281 1267 1320 1323 ab
1332 1266 1391 1324 hac
1401 1270 1495 1338 parte,
1514 1272 1542 1325 ct
1555 1272 1599 1325 cst
1611 1267 1703 1340 longo
1719 1272 1792 1325 tem·

73 1351 162 1410 tertio
176 1354 247 1425 post
259 1349 341 1407 hunc
353 1348 510 1413 successit,
523 1350 552 1407 at
568 1354 596 1406 11
613 1349 700 1407 anuis
715 1351 822 1421 preest.
963 1369 1035 1428 pora
1050 1352 1259 1426 incorporatus
1269 1353 1391 1412 ducatui
1407 1354 1573 1412 brabantia.

108 1444 201 1497 110οο
213 1441 252 1477 ⁸¹⁰
272 1438 388 1503 eodem,
409 1452 491 1496 anno
506 1436 618 1495 sufficet
633 1436 751 1495 liomiui
777 1440 852 1504 1000,
865 1450 910 1493 se·
998 1444 1056 1500 iste
1070 1445 1108 1481 ⁸¹⁸
1120 1442 1261 1501 dominus
1273 1442 1471 1501 Theodericus
1486 1443 1560 1516 (0171
1573 1445 1650 1502 inter
1662 1443 1793 1517 plurima

74 1528 215 1585 cundum
233 1526 385 1585 seniorum
398 1530 470 1584 tunc
486 1525 630 1599 temporis
643 1526 735 1583 relata
750 1530 778 1583 at
792 1526 821 1583 in
837 1525 911 1583 anti
964 1531 1791 1606 gratiarumdonadirinaethumanapredictusscientia,

75 1617 146 1691 quis
158 1615 245 1674 libris
260 1616 352 1673 nostri
368 1615 544 1673 monasterii
557 1614 714 1685 diligenter
727 1615 909 1688 conscripta,
963 1621 1126 1695 precipuus
1135 1625 1198 1679 arnt
1207 1621 1238 1679 in
1247 1637 1417 1695 prosarum,
1427 1621 1585 1680 ritmorum
1593 1628 1622 1680 at
1629 1630 1793 1681 metrorum

76 1705 165 1763 miles
180 1703 319 1779 qnidam,
341 1704 390 1760 cui
405 1702 546 1761 arnulfus
560 1719 662 1761 comes
674 1702 713 1759 de
733 1704 799 1772 hos,
814 1719 909 1777 nepos
927 1717 947 1771 Β
964 1708 1136 1775 dictamine,
1151 1709 1205 1782 qui
1218 1710 1308 1767 vitam
1324 1709 1520 1783 sanctipatris
1530 1715 1559 1768 et
1570 1711 1794 1784 patroninostri

75 1794 258 1853 chiselberti
274 1792 393 1851 comitis
404 1792 443 1849 de
458 1793 616 1860 durachio,
631 1792 775 1851 excubias
785 1794 910 1865 majoris
963 1796 1120 1864 trudonis,
1137 1812 1231 1870 quam
1246 1797 1363 1856 dudum
1377 1801 1509 1855 Donatus
1534 1798 1694 1871 dyaconus
1710 1804 1748 1866 et,
1761 1802 1795 1856 ut

75 1882 168 1940 turris
176 1881 270 1939 nostri
280 1879 482 1949 commiserat,
496 1880 675 1954 intempeste
685 1880 781 1937 noctis
792 1880 910 1937 silentio
964 1884 1104 1952 ereditur,
1117 1885 1174 1942 loci
1187 1884 1279 1957 hujus
1302 1886 1465 1958 protessus,
1489 1885 1654 1944 mandante
1675 1886 1795 1944 11010001

77 1969 268 2045 prospiciens
274 1970 417 2027 deorsum
423 1969 460 2026 ad
466 1973 603 2026 exustam
611 1969 908 2041 monasteriinavem,
965 1974 1108 2047 episcopo
1122 1972 1215 2048 plano
1230 1973 1297 2032 stilo
1311 1973 1516 2048 descripserat,
1529 1973 1568 2030 ad
1583 1973 1728 2049 prepositi
1743 1975 1796 2031 Ge·

76 2059 186 2118 cetone
201 2057 394 2117 consortibus
409 2058 470 2116 suis
484 2057 714 2126 dormientibus,
730 2056 804 2116 vidit
822 2074 912 2132 quos.
964 2062 1046 2121 rardi
1054 2063 1192 2136 superius
1201 2078 1271 2137 sepe
1280 2061 1427 2121 nominati
1434 2061 1620 2129 instantiam,
1628 2063 1711 2137 apud
1720 2065 1796 2121 Gan·

75 2149 150 2207 dam
171 2149 274 2223 specis
295 2148 466 2207 monachali
480 2147 587 2205 habitu
605 2147 727 2206 vestitos
743 2163 762 2205 a
776 2147 911 2205 cimiterii
965 2151 1080 2210 davum
1100 2152 1131 2209 in
1153 2151 1281 2210 cenobia
1302 2151 1397 2208 sancti
1415 2150 1503 2218 Petri,
1528 2150 1582 2208 ubi
1596 2154 1664 2224 post
1679 2149 1795 2209 obitum

76 2239 172 2296 naabi
193 2236 261 2295 loco
275 2237 366 2294 nudis
381 2236 508 2311 pedibus
522 2237 685 2310 procedere
700 2252 798 2310 usquc
814 2236 854 2295 ad
868 2251 912 2293 sa·
966 2240 1105 2299 adelardi
1119 2239 1253 2307 secundi,
1266 2239 1387 2297 abbatis
1396 2240 1487 2313 hujus
1500 2238 1569 2306 loci,
1584 2239 1638 2297 diu
1651 2238 1793 2306 exulavit,

76 2328 422 2402 pulchrumsanctorum
428 2325 609 2383 trudoniset
618 2323 762 2391 Eucherii,
773 2323 911 2399 qtrod,ex
965 2329 1121 2387 urbaniori
1134 2327 1644 2403 dichrmiaa,cujuspriucipiumast
1656 2345 1663 2386 :
1670 2329 1706 2386 in
1715 2330 1796 2386 mr.

76 2414 910 2483 recentiadhucinceudiosinetectoredaetumsuhdiro,
966 2418 1059 2476 100110
1075 2418 1180 2489 ipitur,
1203 2420 1270 2482 cta,
1285 2416 1435 2490 eliquavit.
1460 2418 1635 2475 Sermonem
1659 2417 1793 2491 insuper,

79 2522 148 2564 cnm
156 2504 415 2564 satisfactionibus
425 2503 634 2563 ethumillimis
641 2503 911 2577 supplicationibus
965 2506 1018 2580 qui
1030 2504 1138 2576 legitur
1160 2504 1192 2560 in
1205 2503 1398 2561 translatione
1421 2508 1593 2561 sanctorum
1607 2504 1753 2562 Trudonis
1767 2508 1796 2563 et

80 2601 253 2654 reverenter
262 2593 448 2653 ambiebant.
461 2594 554 2666 liujus
564 2593 612 2650 illc
624 2592 745 2650 visionis
756 2592 911 2650 conscium
965 2593 1111 2661 Eucherii,
1128 2596 1214 2665 cujus
1228 2590 1345 2650 initium
1358 2597 1423 2652 est:
1439 2592 1604 2651 Gloriosum
1622 2600 1665 2652 est
1680 2593 1796 2652 indier·

80 2688 108 2744 et
122 2688 233 2742 testem
245 2683 351 2741 rolens
363 2681 517 2750 adhibere,
533 2698 602 2740 cum
618 2687 776 2739 conaretur
790 2697 913 2753 sopora·
966 2698 1017 2747 00,
1032 2684 1088 2741 010.
1101 2682 1266 2753 (blatteum
1272 2679 1455 2754 quibusdam
1464 2680 1576 2738 ibidem
1585 2682 1795 2755 responsoriis,

82 2779 146 2831 tom
165 2772 297 2830 excitare
318 2772 491 2846 proximum
512 2769 638 2838 socium,
661 2770 726 2843 ipse
749 2768 914 2829 immobilis
968 2769 1078 2826 scilieet
1090 2769 1146 2826 hec
1159 2767 1220 2824 duo
1233 2774 1261 2824 et
1276 2767 1373 2825 Ouiri
1386 2767 1596 2839 misericordie,
1609 2773 1639 2826 et
1654 2769 1796 2842 antipho·

82 2867 248 2935 mutusque
262 2864 324 2919 tam
333 2860 386 2918 diu
395 2859 569 2934 permansit,
579 2873 674 2933 usqua
684 2858 759 2916 dum
769 2857 846 2916 risio
856 2858 914 2914 dis-
968 2874 1040 2916 nam
1053 2858 1089 2895 ⁸¹⁸
1106 2855 1189 2913 urbis
1203 2860 1303 2913 aterne
1318 2859 1347 2913 et
1363 2855 1462 2912 Trade
1474 2855 1620 2914 virtutum
1633 2871 1702 2913 cum
1721 2856 1798 2914 anti·

82 2954 212 3027 pareret,
226 2948 351 3007 reversis
371 2947 441 3017 illis,
456 2965 534 3025 quos
553 2946 679 3016 viderat,
692 2947 732 3006 ad
752 2946 914 3021 pristinum
929 2929 950 2985 C
968 2946 1089 3020 pisonis,
1104 2943 1303 3019 responsoriis
1312 2948 1342 3001 at
1353 2943 1498 3011 versibus,
1508 2944 1599 3018 quiin
1610 2944 1798 3018 depositione

83 3039 223 3099 cimiterii
230 3040 473 3113 locumlquue
483 3041 562 3096 tante
571 3037 694 3095 visionis
703 3037 843 3095 virtutem
852 3051 916 3094 nou
969 3034 1065 3093 sancti
1077 3032 1224 3092 audonis
1245 3032 1454 3102 decantantur,
1470 3032 1609 3102 dictavit,·
1632 3049 1712 3107 quos
1727 3038 1799 3092 tunc

81 3130 271 3199 serenatam
284 3124 917 3200 ralidolanguorecorreptusest‚uttercia
968 3126 1051 3200 prior
1073 3124 1260 3198 hadulphus,
1286 3125 1332 3181 rir
1362 3122 1599 3191 litteratissimus,
1623 3124 1655 3182 iu
1682 3123 1799 3182 musica

82 3219 131 3277 die
141 3216 336 3276 exanimatus
352 3216 504 3288 sepulture
523 3215 699 3272 traderetur.
970 3213 1114 3272 Guidonis
1127 3212 1237 3270 aretini
1249 3216 1398 3285 expertus,
1412 3213 1478 3285 ipso
1490 3211 1624 3285 jubente,
1640 3211 1800 3270 modulan-

115 3309 206 3365 Anno
216 3304 332 3362 Domini
346 3304 459 3360 1000111
472 3301 717 3360 Godelridusdux
729 3300 917 3372 lotharingie
970 3305 1014 3360 ter
1025 3302 1206 3360 centonavit.

84 3401 113 3453 et
122 3411 230 3453 comes
241 3392 335 3459 Bullii,
351 3392 471 3449 vendito
485 3391 569 3465 prius
580 3394 678 3448 castro
691 3390 728 3448 de
742 3389 837 3447 Btrllio
846 3405 916 3447 cum
1007 3392 1092 3449 Anno
1105 3389 1221 3448 Domini
1237 3393 1305 3449 1116
1319 3389 1462 3447 henricus
1481 3392 1605 3463 quartus
1623 3387 1798 3463 imperator,

84 3485 163 3541 villis
187 3483 252 3538 suis
276 3479 431 3539 leodiensi
459 3480 603 3554 episeopo
624 3478 754 3537 obberto
775 3478 918 3551 0001300
971 3479 1024 3554 qui
1039 3483 1154 3552 patrem
1166 3478 1327 3550 contraius
1340 3481 1447 3535 nature
1458 3477 1671 3552 captivaverat,
1687 3478 1751 3538 siue
1763 3478 1799 3536 li·

84 3572 197 3632 marcis
213 3569 339 3642 argenti,
355 3567 395 3626 ad
416 3572 526 3626 terram
548 3570 684 3624 sancum
701 3583 772 3624 cum
792 3566 918 3639 Hagnae
972 3567 1053 3627 baris
1075 3567 1210 3625 moritur.
1240 3566 1292 3626 Cui
1318 3567 1472 3625 botharius
1490 3572 1616 3642 quartus
1639 3568 1672 3625 in
1696 3584 1799 3640 regem

86 3662 177 3720 tratre
191 3658 273 3731 regis
287 3655 409 3715 11100010
422 3661 451 3713 01
462 3655 623 3713 comitibus
636 3655 784 3724 11000110,
798 3654 918 3712 Prorin·
971 3657 1082 3715 electus
1096 3655 1304 3730 succeditffqui
1314 3671 1396 3714 anuo
1409 3657 1493 3727 regni
1503 3655 1550 3713 sui
1565 3659 1591 3713 3.
1603 3655 1798 3715 Godeiridum

86 3752 142 3817 cie,
161 3747 347 3808 itormannia
370 3760 406 3804 ac
428 3744 528 3802 multis
551 3744 735 3818 principibus
757 3750 786 3800 et
804 3743 919 3816 populo
974 3744 1340 3804 hovanicnsemcomitam
1360 3744 1398 3802 dc
1419 3743 1531 3802 ducatu
1545 3745 1733 3816 Lotharingie
1746 3745 1800 3803 ab·

86 3834 316 3900 innumerabili,
326 3834 413 3907 cujus
423 3837 623 3891 numerarent
637 3834 792 3889 estimatus
802 3834 918 3899 000000,
970 3834 1097 3908 judicat,
1110 3839 1140 3891 ct
1152 3833 1378 3891 Waleramnum
1393 3832 1534 3890 comitem
1547 3832 1726 3906 hamburgie
1740 3833 1800 3890 ins·

87 3929 178 3999 signo
191 3923 292 3983 crucis
304 3922 389 3997 prius
407 3921 447 3980 ad
465 3921 680 3980 exortationem
697 3919 808 3978 Urbani
825 3922 858 3991 ll,
879 3919 920 3977 ab
974 3922 1051 3981 tituit
1063 3924 1110 3978 ⁸¹⁸.

87 4009 521 4086 omnibusassumpto,lndeis
530 4010 561 4067 iu
576 4009 725 4067 christum
735 4007 855 4065 credere
868 4023 920 4065 no
1008 4011 1094 4067 hono
1109 4009 1228 4067 Domini
1242 4013 1309 4067 1127
1323 4007 1801 4085 stephanusucrensisepiscopus

87 4104 220 4163 10011000
235 4099 355 4165 occisis,
373 4098 581 4173 proficiscitur.
974 4096 1194 4155 contulituobis
1209 4098 1415 4156 unumcurtilc
1424 4099 1464 4156 ad
1478 4114 1551 4155 usus
1560 4097 1696 4163 fratrum,
1708 4099 1800 4157 situm

122 4195 211 4249 hono
223 4192 263 4228 ⁸¹⁸
278 4186 396 4244 Domini
410 4190 477 4245 1100
487 4185 707 4244 Godelridusde
717 4181 813 4242 Bullia
822 4185 920 4242 etdux
974 4189 1044 4242 ants
1065 4185 1241 4243 orientalem
1268 4190 1387 4259 portam
1412 4187 1492 4243 curie
1516 4189 1617 4244 nostre
1643 4186 1734 4243 nostri
1754 4201 1801 4244 cc-

90 4278 361 4350 101110110010,001
381 4275 469 4347 cuius
492 4273 670 4332 industriam
690 4271 921 4331 iherosolimae
974 4272 1058 4330 nobii
1072 4274 1120 4332 ⁸¹⁸.

375 4480 830 4578 coniluuailotils
856 4484 1076 4575 TERTIAE
1103 4484 1248 4575 Plus
1271 4482 1520 4580 SECUNDA

864 4666 1047 4724 sacraria.

126 4819 257 4895 Esplctis
271 4818 310 4854 ⁸¹⁸
325 4813 543 4889 pridemtribus
552 4813 685 4887 partibus
697 4814 920 4887 compilationis
975 4816 1048 4891 quia
1055 4816 1186 4890 plurima
1194 4816 1340 4875 memoria
1350 4816 1444 4887 digua
1451 4814 1674 4890 precedentium
1683 4821 1800 4891 patrum

93 4907 226 4981 ingestis
242 4904 390 4963 abbatum
403 4901 495 4974 huius
511 4901 694 4968 monasterii,
712 4903 852 4961 convenit
865 4901 922 4962 sal·
974 4905 1154 4978 pretermisit
1163 4908 1307 4963 annotare
1317 4904 1588 4979 negligentiacmn
1596 4904 1685 4976 igitur
1695 4921 1803 4963 secun·

94 4995 370 5068 teminhacquarta
383 4995 467 5066 parte
476 4989 919 5066 colligerequrarestantpauca,
975 4992 1049 5051 dum
1064 4992 1239 5065 Gregorium
1254 4993 1285 5051 in
1298 4992 1415 5050 omeliis
1423 4991 1477 5067 qui
1487 4992 1528 5050 ad
1537 5007 1639 5051 aream
1653 4993 1804 5053 00000101

778 5089 898 5146 vahla
919 5089 1120 5148 hemiolius,

127 5181 252 5239 ⁸⁸⁸'icoec
265 5180 307 5237 aci
321 5177 378 5244 ill,
391 5181 408 5233 t
422 5178 455 5234 ia
469 5177 605 5248 marciae
620 5177 760 5246 inferiori
773 5178 936 5248 adscripsit
946 5177 1154 5249 interpolator.
1167 5180 1204 5216 ⁸⁰⁸
1217 5179 1280 5237 1100
1293 5179 1332 5236 00
1344 5178 1559 5249 interpolatore
1566 5180 1598 5237 ia
1611 5179 1804 5255 iadiceqaem

94 5253 225 5323 masenii
239 5250 360 5319 adjecta
372 5253 453 5306 caat.
469 5248 507 5286 ⁸¹⁰
522 5247 577 5305 lter
588 5247 721 5318 caputia
735 5248 834 5306 indice
846 5249 957 5320 adjecit
971 5249 1179 5320 interpolator.
1195 5251 1231 5287 ⁸¹¹
1247 5250 1312 5308 1100
1323 5249 1362 5306 ab
1371 5251 1588 5321 interpolatore
1597 5253 1629 5308 ia
1643 5253 1742 5311 indice
1751 5255 1803 5310 ad·

95 5327 253 5384 00101001.
267 5323 305 5358 ⁸¹⁸
317 5321 382 5378 laoec
393 5318 591 5387 interpolator
601 5318 633 5375 ia
646 5319 744 5377 indice
756 5320 925 5391 subjunxit.
937 5321 974 5358 ⁸¹⁸
986 5319 1024 5377 ab
1038 5320 1252 5392 iaterpolatore
1265 5322 1297 5377 ia
1313 5319 1413 5378 indice
1429 5321 1560 5394 adjecta.
1577 5324 1616 5360 ⁸¹⁸
1631 5339 1651 5381 a
1665 5325 1702 5384 l·.
1714 5326 1751 5363 ⁸¹⁸
1763 5328 1805 5381 10

97 5393 205 5468 terpol.
221 5393 261 5450 1·.
271 5394 303 5449 ia
315 5391 463 5463 marniae.
480 5390 627 5460 ⁸¹⁸priraa
645 5390 867 5449 aamercort.
886 5391 1023 5449 deditii.

134 5589 215 5663 (cai)
227 5585 330 5646 abba
342 5583 557 5645 trudonensis.
919 5489 1079 5660 Novati)
1094 5586 1164 5645 vida
1178 5587 1260 5662 apud
1274 5589 1393 5648 Surium
1406 5591 1468 5648 lot.
1486 5590 1536 5647 SS.
1550 5591 1593 5646 111.
