<?xml version="1.0" encoding="UTF-8"?>
<!DOCTYPE html PUBLIC "-//W3C//DTD XHTML 1.0 Transitional//EN"
    "http://www.w3.org/TR/xhtml1/DTD/xhtml1-transitional.dtd">
<html xmlns="http://www.w3.org/1999/xhtml" xml:lang="en" lang="en">
 <head>
  <title>
</title>
<meta http-equiv="Content-Type" content="text/html;charset=utf-8" />
  <meta name='ocr-system' content='tesseract 3.04.00' />
  <meta name='ocr-capabilities' content='ocr_page ocr_carea ocr_par ocr_line ocrx_word'/>
</head>
<body>
  <div class='ocr_page' id='page_1' title='image "./patrologiaecurs160unkngoog_0591.png"; bbox 0 0 3884 6050; ppageno 0'>
   <div class='ocr_carea' id='block_1_1' title="bbox 48 340 1753 477">
    <p class='ocr_par' dir='ltr' id='par_1_1' title="bbox 48 340 1753 477">
     <span class='ocr_line' id='line_1_1' title="bbox 48 340 1753 477; baseline 0.005 -31"><span class='ocrx_word' id='word_1_1' title='bbox 48 344 126 446; x_wconf 69' lang='lat' dir='ltr'>&#39;tiss</span> <span class='ocrx_word' id='word_1_2' title='bbox 547 340 1248 477; x_wconf 64' lang='lat' dir='ltr'>accumularemus-uouere</span> <span class='ocrx_word' id='word_1_3' title='bbox 1675 378 1753 454; x_wconf 79' lang='lat' dir='ltr'>riu</span> 
     </span>
    </p>
   </div>
   <div class='ocr_carea' id='block_1_2' title="bbox 12 516 1760 2905">
    <p class='ocr_par' dir='ltr' id='par_1_2' title="bbox 12 516 1760 2809">
     <span class='ocr_line' id='line_1_2' title="bbox 50 516 1759 593; baseline 0.003 -17"><span class='ocrx_word' id='word_1_4' title='bbox 50 517 95 577; x_wconf 90' lang='lat' dir='ltr'>dit</span> <span class='ocrx_word' id='word_1_5' title='bbox 104 517 247 591; x_wconf 75' lang='lat' dir='ltr'>maiestas</span> <span class='ocrx_word' id='word_1_6' title='bbox 261 517 324 586; x_wconf 84' lang='lat' dir='ltr'>Dei,</span> <span class='ocrx_word' id='word_1_7' title='bbox 342 519 427 575; x_wconf 89' lang='lat' dir='ltr'>tanto</span> <span class='ocrx_word' id='word_1_8' title='bbox 438 516 524 576; x_wconf 88' lang='lat' dir='ltr'>altior</span> <span class='ocrx_word' id='word_1_9' title='bbox 537 521 585 574; x_wconf 87' lang='lat' dir='ltr'>est</span> <span class='ocrx_word' id='word_1_10' title='bbox 598 516 738 576; x_wconf 85' lang='lat' dir='ltr'>omnibus</span> <span class='ocrx_word' id='word_1_11' title='bbox 752 517 819 588; x_wconf 89' lang='lat' dir='ltr'>iilis,</span> <span class='ocrx_word' id='word_1_12' title='bbox 843 526 877 577; x_wconf 92' lang='lat' dir='ltr'>ut</span> <span class='ocrx_word' id='word_1_13' title='bbox 890 526 915 586; x_wconf 75' lang='grc' dir='ltr'><strong>Α</strong></span> <span class='ocrx_word' id='word_1_14' title='bbox 931 521 1001 578; x_wconf 85' lang='lat' dir='ltr'>[teo.</span> <span class='ocrx_word' id='word_1_15' title='bbox 1016 522 1082 578; x_wconf 83' lang='lat' dir='ltr'>Nou</span> <span class='ocrx_word' id='word_1_16' title='bbox 1094 519 1183 593; x_wconf 77' lang='lat' dir='ltr'>longa</span> <span class='ocrx_word' id='word_1_17' title='bbox 1194 523 1297 578; x_wconf 86' lang='lat' dir='ltr'>autam</span> <span class='ocrx_word' id='word_1_18' title='bbox 1305 519 1376 579; x_wconf 92' lang='lat' dir='ltr'>inde</span> <span class='ocrx_word' id='word_1_19' title='bbox 1386 525 1432 580; x_wconf 89' lang='lat' dir='ltr'>est</span> <span class='ocrx_word' id='word_1_20' title='bbox 1444 520 1528 581; x_wconf 87' lang='lat' dir='ltr'>locus</span> <span class='ocrx_word' id='word_1_21' title='bbox 1538 520 1590 580; x_wconf 91' lang='lat' dir='ltr'>ubi</span> <span class='ocrx_word' id='word_1_22' title='bbox 1598 522 1676 581; x_wconf 89' lang='lat' dir='ltr'>stetit</span> <span class='ocrx_word' id='word_1_23' title='bbox 1689 539 1759 581; x_wconf 87' lang='lat' dir='ltr'>san·</span> 
     </span>
     <span class='ocr_line' id='line_1_3' title="bbox 49 604 1758 682; baseline 0.003 -17"><span class='ocrx_word' id='word_1_24' title='bbox 49 624 118 666; x_wconf 87' lang='lat' dir='ltr'>oum</span> <span class='ocrx_word' id='word_1_25' title='bbox 127 604 374 681; x_wconf 84' lang='lat' dir='ltr'>quissscenderit</span> <span class='ocrx_word' id='word_1_26' title='bbox 383 604 481 675; x_wconf 88' lang='lat' dir='ltr'>initio,</span> <span class='ocrx_word' id='word_1_27' title='bbox 493 622 732 680; x_wconf 90' lang='lat' dir='ltr'>prorsusomnss</span> <span class='ocrx_word' id='word_1_28' title='bbox 744 607 876 665; x_wconf 85' lang='lat' dir='ltr'>illimon-</span> <span class='ocrx_word' id='word_1_29' title='bbox 929 611 996 665; x_wconf 90' lang='lat' dir='ltr'>ctus</span> <span class='ocrx_word' id='word_1_30' title='bbox 1010 611 1109 664; x_wconf 87' lang='lat' dir='ltr'>Aaron</span> <span class='ocrx_word' id='word_1_31' title='bbox 1122 623 1194 664; x_wconf 91' lang='lat' dir='ltr'>oum</span> <span class='ocrx_word' id='word_1_32' title='bbox 1207 608 1394 682; x_wconf 72' lang='lat' dir='ltr'><strong>septuaginta</strong></span> <span class='ocrx_word' id='word_1_33' title='bbox 1406 610 1583 669; x_wconf 89' lang='lat' dir='ltr'>senioribus.</span> <span class='ocrx_word' id='word_1_34' title='bbox 1595 612 1627 667; x_wconf 90' lang='lat' dir='ltr'>ln</span> <span class='ocrx_word' id='word_1_35' title='bbox 1643 626 1679 669; x_wconf 93' lang='lat' dir='ltr'>eo</span> <span class='ocrx_word' id='word_1_36' title='bbox 1690 610 1758 670; x_wconf 91' lang='lat' dir='ltr'>loco</span> 
     </span>
     <span class='ocr_line' id='line_1_4' title="bbox 49 692 1757 774; baseline 0.002 -21"><span class='ocrx_word' id='word_1_37' title='bbox 49 700 103 768; x_wconf 85' lang='lat' dir='ltr'>tes,</span> <span class='ocrx_word' id='word_1_38' title='bbox 113 692 581 770; x_wconf 72' lang='lat' dir='ltr'>quosexcelsissimossideritita</span> <span class='ocrx_word' id='word_1_39' title='bbox 594 694 651 751; x_wconf 93' lang='lat' dir='ltr'>suh</span> <span class='ocrx_word' id='word_1_40' title='bbox 664 700 767 753; x_wconf 91' lang='lat' dir='ltr'>monte</span> <span class='ocrx_word' id='word_1_41' title='bbox 776 695 875 753; x_wconf 81' lang='lat' dir='ltr'>viden·</span> <span class='ocrx_word' id='word_1_42' title='bbox 928 700 1040 753; x_wconf 90' lang='lat' dir='ltr'>tectum</span> <span class='ocrx_word' id='word_1_43' title='bbox 1055 702 1185 765; x_wconf 87' lang='lat' dir='ltr'>nonest,</span> <span class='ocrx_word' id='word_1_44' title='bbox 1198 704 1283 771; x_wconf 90' lang='lat' dir='ltr'>petra</span> <span class='ocrx_word' id='word_1_45' title='bbox 1296 702 1399 756; x_wconf 90' lang='lat' dir='ltr'>tamen</span> <span class='ocrx_word' id='word_1_46' title='bbox 1412 698 1519 770; x_wconf 75' lang='lat' dir='ltr'>ingens</span> <span class='ocrx_word' id='word_1_47' title='bbox 1529 704 1573 756; x_wconf 86' lang='lat' dir='ltr'>est</span> <span class='ocrx_word' id='word_1_48' title='bbox 1583 714 1636 774; x_wconf 91' lang='lat' dir='ltr'>per</span> <span class='ocrx_word' id='word_1_49' title='bbox 1648 715 1757 774; x_wconf 78' lang='lat' dir='ltr'>gyrum</span> 
     </span>
     <span class='ocr_line' id='line_1_5' title="bbox 49 782 1758 860; baseline 0.002 -16"><span class='ocrx_word' id='word_1_50' title='bbox 49 788 96 843; x_wconf 87' lang='lat' dir='ltr'>tur</span> <span class='ocrx_word' id='word_1_51' title='bbox 107 784 185 851; x_wconf 88' lang='lat' dir='ltr'>Sina,</span> <span class='ocrx_word' id='word_1_52' title='bbox 199 800 235 843; x_wconf 91' lang='lat' dir='ltr'>ao</span> <span class='ocrx_word' id='word_1_53' title='bbox 245 783 269 841; x_wconf 90' lang='lat' dir='ltr'>si</span> <span class='ocrx_word' id='word_1_54' title='bbox 281 782 418 841; x_wconf 74' lang='lat' dir='ltr'>colliculi.</span> <span class='ocrx_word' id='word_1_55' title='bbox 431 785 512 841; x_wconf 90' lang='lat' dir='ltr'>ttons</span> <span class='ocrx_word' id='word_1_56' title='bbox 525 788 625 841; x_wconf 87' lang='lat' dir='ltr'>autam</span> <span class='ocrx_word' id='word_1_57' title='bbox 649 800 718 841; x_wconf 92' lang='lat' dir='ltr'>cum</span> <span class='ocrx_word' id='word_1_58' title='bbox 733 783 875 842; x_wconf 90' lang='lat' dir='ltr'>omnibus</span> <span class='ocrx_word' id='word_1_59' title='bbox 927 783 1045 842; x_wconf 89' lang='lat' dir='ltr'>habens</span> <span class='ocrx_word' id='word_1_60' title='bbox 1056 785 1212 860; x_wconf 77' lang='lat' dir='ltr'>planitiem</span> <span class='ocrx_word' id='word_1_61' title='bbox 1226 802 1319 859; x_wconf 88' lang='lat' dir='ltr'>supra</span> <span class='ocrx_word' id='word_1_62' title='bbox 1333 802 1364 845; x_wconf 90' lang='lat' dir='ltr'>se</span> <span class='ocrx_word' id='word_1_63' title='bbox 1375 787 1637 848; x_wconf 84' lang='lat' dir='ltr'>ubiiltistetcrunt.</span> <span class='ocrx_word' id='word_1_64' title='bbox 1651 792 1684 847; x_wconf 88' lang='lat' dir='ltr'>in</span> <span class='ocrx_word' id='word_1_65' title='bbox 1697 804 1758 847; x_wconf 86' lang='lat' dir='ltr'>ms·</span> 
     </span>
     <span class='ocr_line' id='line_1_6' title="bbox 49 872 1759 949; baseline 0.001 -15"><span class='ocrx_word' id='word_1_66' title='bbox 49 872 873 947; x_wconf 84' lang='lat' dir='ltr'>altiorsitillemedianusquispecialiterSinadicitur‚ta·</span> <span class='ocrx_word' id='word_1_67' title='bbox 928 872 980 930; x_wconf 91' lang='lat' dir='ltr'>dio</span> <span class='ocrx_word' id='word_1_68' title='bbox 994 878 1094 931; x_wconf 88' lang='lat' dir='ltr'>autem</span> <span class='ocrx_word' id='word_1_69' title='bbox 1105 873 1261 948; x_wconf 86' lang='lat' dir='ltr'>lapideum</span> <span class='ocrx_word' id='word_1_70' title='bbox 1275 874 1366 932; x_wconf 91' lang='lat' dir='ltr'>altare</span> <span class='ocrx_word' id='word_1_71' title='bbox 1376 882 1430 932; x_wconf 89' lang='lat' dir='ltr'>ast.</span> <span class='ocrx_word' id='word_1_72' title='bbox 1456 875 1491 933; x_wconf 89' lang='lat' dir='ltr'>ln</span> <span class='ocrx_word' id='word_1_73' title='bbox 1503 877 1598 949; x_wconf 90' lang='lat' dir='ltr'>capite</span> <span class='ocrx_word' id='word_1_74' title='bbox 1613 891 1684 935; x_wconf 85' lang='lat' dir='ltr'>vero</span> <span class='ocrx_word' id='word_1_75' title='bbox 1696 876 1759 935; x_wconf 80' lang='lat' dir='ltr'>val·</span> 
     </span>
     <span class='ocr_line' id='line_1_7' title="bbox 48 959 1757 1036; baseline 0.001 -14"><span class='ocrx_word' id='word_1_76' title='bbox 48 979 119 1022; x_wconf 90' lang='lat' dir='ltr'>men</span> <span class='ocrx_word' id='word_1_77' title='bbox 143 962 236 1021; x_wconf 83' lang='lat' dir='ltr'>videri</span> <span class='ocrx_word' id='word_1_78' title='bbox 248 977 311 1020; x_wconf 93' lang='lat' dir='ltr'>non</span> <span class='ocrx_word' id='word_1_79' title='bbox 324 966 429 1036; x_wconf 87' lang='lat' dir='ltr'>potest,</span> <span class='ocrx_word' id='word_1_80' title='bbox 441 960 502 1018; x_wconf 89' lang='lat' dir='ltr'>nisi</span> <span class='ocrx_word' id='word_1_81' title='bbox 515 961 555 1020; x_wconf 91' lang='lat' dir='ltr'>ad</span> <span class='ocrx_word' id='word_1_82' title='bbox 576 963 729 1036; x_wconf 88' lang='lat' dir='ltr'>propriam</span> <span class='ocrx_word' id='word_1_83' title='bbox 741 962 875 1020; x_wconf 88' lang='lat' dir='ltr'>radicem</span> <span class='ocrx_word' id='word_1_84' title='bbox 928 959 974 1029; x_wconf 91' lang='lat' dir='ltr'>iis,</span> <span class='ocrx_word' id='word_1_85' title='bbox 987 976 1057 1034; x_wconf 79' lang='lat' dir='ltr'>qum</span> <span class='ocrx_word' id='word_1_86' title='bbox 1067 963 1162 1019; x_wconf 92' lang='lat' dir='ltr'>monti</span> <span class='ocrx_word' id='word_1_87' title='bbox 1172 961 1316 1034; x_wconf 80' lang='lat' dir='ltr'>subjacet,</span> <span class='ocrx_word' id='word_1_88' title='bbox 1326 962 1453 1021; x_wconf 87' lang='lat' dir='ltr'>eeclesia</span> <span class='ocrx_word' id='word_1_89' title='bbox 1466 964 1557 1022; x_wconf 91' lang='lat' dir='ltr'>estin</span> <span class='ocrx_word' id='word_1_90' title='bbox 1572 981 1607 1021; x_wconf 92' lang='lat' dir='ltr'>eo</span> <span class='ocrx_word' id='word_1_91' title='bbox 1622 965 1689 1023; x_wconf 91' lang='lat' dir='ltr'>loco</span> <span class='ocrx_word' id='word_1_92' title='bbox 1706 964 1757 1023; x_wconf 91' lang='lat' dir='ltr'>ubi</span> 
     </span>
     <span class='ocr_line' id='line_1_8' title="bbox 47 1048 1758 1128; baseline -0.001 -17"><span class='ocrx_word' id='word_1_93' title='bbox 47 1052 126 1111; x_wconf 88' lang='lat' dir='ltr'>illius</span> <span class='ocrx_word' id='word_1_94' title='bbox 138 1051 264 1121; x_wconf 80' lang='lat' dir='ltr'>veneris,</span> <span class='ocrx_word' id='word_1_95' title='bbox 280 1056 350 1109; x_wconf 89' lang='lat' dir='ltr'>ante</span> <span class='ocrx_word' id='word_1_96' title='bbox 363 1055 465 1109; x_wconf 86' lang='lat' dir='ltr'>tamen</span> <span class='ocrx_word' id='word_1_97' title='bbox 475 1066 569 1124; x_wconf 88' lang='lat' dir='ltr'>quam</span> <span class='ocrx_word' id='word_1_98' title='bbox 582 1066 653 1107; x_wconf 89' lang='lat' dir='ltr'>eum</span> <span class='ocrx_word' id='word_1_99' title='bbox 668 1050 778 1107; x_wconf 90' lang='lat' dir='ltr'>subeas</span> <span class='ocrx_word' id='word_1_100' title='bbox 788 1069 797 1120; x_wconf 74' lang='grc' dir='ltr'>ς</span> <span class='ocrx_word' id='word_1_101' title='bbox 807 1066 874 1107; x_wconf 92' lang='lat' dir='ltr'>narn</span> <span class='ocrx_word' id='word_1_102' title='bbox 929 1048 1047 1106; x_wconf 89' lang='lat' dir='ltr'>locutus</span> <span class='ocrx_word' id='word_1_103' title='bbox 1060 1055 1105 1106; x_wconf 89' lang='lat' dir='ltr'>est</span> <span class='ocrx_word' id='word_1_104' title='bbox 1127 1049 1273 1108; x_wconf 79' lang='lat' dir='ltr'>Dominus</span> <span class='ocrx_word' id='word_1_105' title='bbox 1287 1051 1319 1107; x_wconf 93' lang='lat' dir='ltr'>in</span> <span class='ocrx_word' id='word_1_106' title='bbox 1334 1050 1412 1109; x_wconf 89' lang='lat' dir='ltr'>rubo</span> <span class='ocrx_word' id='word_1_107' title='bbox 1426 1051 1497 1126; x_wconf 78' lang='lat' dir='ltr'>3qui</span> <span class='ocrx_word' id='word_1_108' title='bbox 1514 1052 1609 1110; x_wconf 90' lang='lat' dir='ltr'>rubus</span> <span class='ocrx_word' id='word_1_109' title='bbox 1621 1054 1684 1128; x_wconf 90' lang='lat' dir='ltr'>lpse</span> <span class='ocrx_word' id='word_1_110' title='bbox 1705 1053 1758 1110; x_wconf 91' lang='lat' dir='ltr'>ho·</span> 
     </span>
     <span class='ocr_line' id='line_1_9' title="bbox 46 1136 1757 1217; baseline -0.001 -18"><span class='ocrx_word' id='word_1_111' title='bbox 46 1146 246 1217; x_wconf 88' lang='lat' dir='ltr'>posteaquam</span> <span class='ocrx_word' id='word_1_112' title='bbox 252 1155 330 1198; x_wconf 84' lang='lat' dir='ltr'>exeo</span> <span class='ocrx_word' id='word_1_113' title='bbox 336 1138 541 1205; x_wconf 88' lang='lat' dir='ltr'>descenderis,</span> <span class='ocrx_word' id='word_1_114' title='bbox 552 1180 560 1195; x_wconf 86' lang='lat'><strong>.</strong></span> <span class='ocrx_word' id='word_1_115' title='bbox 573 1180 581 1195; x_wconf 90' lang='lat'><strong>.</strong></span> <span class='ocrx_word' id='word_1_116' title='bbox 593 1180 601 1196; x_wconf 87' lang='lat'><strong>.</strong></span> <span class='ocrx_word' id='word_1_117' title='bbox 611 1137 874 1213; x_wconf 88' lang='lat' dir='ltr'>antequamineum</span> <span class='ocrx_word' id='word_1_118' title='bbox 929 1136 977 1193; x_wconf 88' lang='lat' dir='ltr'>die</span> <span class='ocrx_word' id='word_1_119' title='bbox 990 1138 1064 1196; x_wconf 81' lang='lat' dir='ltr'>vivit</span> <span class='ocrx_word' id='word_1_120' title='bbox 1074 1143 1101 1196; x_wconf 91' lang='lat' dir='ltr'>et</span> <span class='ocrx_word' id='word_1_121' title='bbox 1115 1138 1203 1196; x_wconf 92' lang='lat' dir='ltr'>mittit</span> <span class='ocrx_word' id='word_1_122' title='bbox 1215 1138 1353 1211; x_wconf 80' lang='lat' dir='ltr'>virgulta.</span> <span class='ocrx_word' id='word_1_123' title='bbox 1369 1138 1411 1196; x_wconf 90' lang='lat' dir='ltr'>tbi</span> <span class='ocrx_word' id='word_1_124' title='bbox 1420 1144 1633 1214; x_wconf 78' lang='lat' dir='ltr'>erpoaquaest</span> <span class='ocrx_word' id='word_1_125' title='bbox 1642 1141 1757 1215; x_wconf 88' lang='lat' dir='ltr'>optima</span> 
     </span>
     <span class='ocr_line' id='line_1_10' title="bbox 46 1225 1758 1303; baseline -0.002 -13"><span class='ocrx_word' id='word_1_126' title='bbox 46 1231 199 1301; x_wconf 88' lang='lat' dir='ltr'>ascendat,</span> <span class='ocrx_word' id='word_1_127' title='bbox 224 1229 323 1287; x_wconf 86' lang='lat' dir='ltr'>lacere</span> <span class='ocrx_word' id='word_1_128' title='bbox 350 1242 411 1286; x_wconf 93' lang='lat' dir='ltr'>non</span> <span class='ocrx_word' id='word_1_129' title='bbox 425 1227 540 1299; x_wconf 89' lang='lat' dir='ltr'>poterit.</span> <span class='ocrx_word' id='word_1_130' title='bbox 556 1229 667 1285; x_wconf 75' lang='lat' dir='ltr'>Montes</span> <span class='ocrx_word' id='word_1_131' title='bbox 681 1242 762 1298; x_wconf 79' lang='lat' dir='ltr'>vero,</span> <span class='ocrx_word' id='word_1_132' title='bbox 777 1227 874 1302; x_wconf 87' lang='lat' dir='ltr'>quiin</span> <span class='ocrx_word' id='word_1_133' title='bbox 929 1226 1098 1284; x_wconf 77' lang='lat' dir='ltr'>ostenditur</span> <span class='ocrx_word' id='word_1_134' title='bbox 1108 1228 1198 1284; x_wconf 90' lang='lat' dir='ltr'>etiam</span> <span class='ocrx_word' id='word_1_135' title='bbox 1208 1225 1240 1283; x_wconf 93' lang='lat' dir='ltr'>in</span> <span class='ocrx_word' id='word_1_136' title='bbox 1252 1226 1405 1301; x_wconf 84' lang='lat' dir='ltr'>ipsavalle</span> <span class='ocrx_word' id='word_1_137' title='bbox 1415 1228 1539 1301; x_wconf 88' lang='lat' dir='ltr'>qualiter</span> <span class='ocrx_word' id='word_1_138' title='bbox 1551 1228 1758 1303; x_wconf 87' lang='lat' dir='ltr'>unusquisque</span> 
     </span>
     <span class='ocr_line' id='line_1_11' title="bbox 46 1314 1757 1401; baseline -0.003 -23"><span class='ocrx_word' id='word_1_139' title='bbox 46 1321 171 1378; x_wconf 90' lang='lat' dir='ltr'>circuitu</span> <span class='ocrx_word' id='word_1_140' title='bbox 196 1323 274 1386; x_wconf 90' lang='lat' dir='ltr'>sunt,</span> <span class='ocrx_word' id='word_1_141' title='bbox 296 1332 367 1401; x_wconf 81' lang='lat' dir='ltr'>cum</span> <span class='ocrx_word' id='word_1_142' title='bbox 392 1316 525 1375; x_wconf 84' lang='lat' dir='ltr'>maximo</span> <span class='ocrx_word' id='word_1_143' title='bbox 544 1315 648 1374; x_wconf 89' lang='lat' dir='ltr'>labore</span> <span class='ocrx_word' id='word_1_144' title='bbox 663 1317 873 1383; x_wconf 86' lang='lat' dir='ltr'>ascenduntur,</span> <span class='ocrx_word' id='word_1_145' title='bbox 927 1314 1125 1373; x_wconf 73' lang='lat' dir='ltr'>habitationes</span> <span class='ocrx_word' id='word_1_146' title='bbox 1145 1314 1303 1373; x_wconf 89' lang='lat' dir='ltr'>habuerat.</span> <span class='ocrx_word' id='word_1_147' title='bbox 1330 1316 1493 1391; x_wconf 78' lang='lat' dir='ltr'>nequibas</span> <span class='ocrx_word' id='word_1_148' title='bbox 1519 1316 1757 1375; x_wconf 78' lang='lat' dir='ltr'>habitationibus</span> 
     </span>
     <span class='ocr_line' id='line_1_12' title="bbox 45 1403 1756 1485; baseline -0.003 -18"><span class='ocrx_word' id='word_1_149' title='bbox 45 1409 192 1485; x_wconf 83' lang='lat' dir='ltr'>quoniam</span> <span class='ocrx_word' id='word_1_150' title='bbox 204 1422 265 1466; x_wconf 91' lang='lat' dir='ltr'>non</span> <span class='ocrx_word' id='word_1_151' title='bbox 280 1405 479 1464; x_wconf 85' lang='lat' dir='ltr'>ascenduntur</span> <span class='ocrx_word' id='word_1_152' title='bbox 496 1421 667 1479; x_wconf 79' lang='lat' dir='ltr'>pergyrum</span> <span class='ocrx_word' id='word_1_153' title='bbox 682 1404 713 1461; x_wconf 93' lang='lat' dir='ltr'>in</span> <span class='ocrx_word' id='word_1_154' title='bbox 726 1405 873 1472; x_wconf 86' lang='lat' dir='ltr'>cochleis;</span> <span class='ocrx_word' id='word_1_155' title='bbox 928 1417 1027 1475; x_wconf 88' lang='lat' dir='ltr'>usqua</span> <span class='ocrx_word' id='word_1_156' title='bbox 1044 1403 1076 1459; x_wconf 90' lang='lat' dir='ltr'>iu</span> <span class='ocrx_word' id='word_1_157' title='bbox 1089 1403 1269 1461; x_wconf 90' lang='lat' dir='ltr'>hodiernum</span> <span class='ocrx_word' id='word_1_158' title='bbox 1283 1404 1365 1461; x_wconf 91' lang='lat' dir='ltr'>diem</span> <span class='ocrx_word' id='word_1_159' title='bbox 1392 1404 1588 1462; x_wconf 84' lang='lat' dir='ltr'>fundamenta</span> <span class='ocrx_word' id='word_1_160' title='bbox 1602 1409 1756 1478; x_wconf 89' lang='lat' dir='ltr'>apparent,</span> 
     </span>
     <span class='ocr_line' id='line_1_13' title="bbox 46 1490 1758 1568; baseline -0.004 -12"><span class='ocrx_word' id='word_1_161' title='bbox 46 1498 101 1556; x_wconf 85' lang='lat' dir='ltr'>aad</span> <span class='ocrx_word' id='word_1_162' title='bbox 114 1498 225 1555; x_wconf 90' lang='lat' dir='ltr'>direote</span> <span class='ocrx_word' id='word_1_163' title='bbox 239 1494 451 1560; x_wconf 89' lang='lat' dir='ltr'>ascenduntur,</span> <span class='ocrx_word' id='word_1_164' title='bbox 470 1509 505 1551; x_wconf 91' lang='lat' dir='ltr'>au</span> <span class='ocrx_word' id='word_1_165' title='bbox 517 1493 542 1550; x_wconf 91' lang='lat' dir='ltr'>si</span> <span class='ocrx_word' id='word_1_166' title='bbox 557 1510 610 1567; x_wconf 88' lang='lat' dir='ltr'>per</span> <span class='ocrx_word' id='word_1_167' title='bbox 623 1493 777 1568; x_wconf 88' lang='lat' dir='ltr'>parietem,</span> <span class='ocrx_word' id='word_1_168' title='bbox 793 1490 874 1551; x_wconf 90' lang='lat' dir='ltr'>etdi·</span> <span class='ocrx_word' id='word_1_169' title='bbox 927 1491 1185 1566; x_wconf 88' lang='lat' dir='ltr'>quemadmodum</span> <span class='ocrx_word' id='word_1_170' title='bbox 1195 1490 1317 1550; x_wconf 81' lang='lat' dir='ltr'>luerunt</span> <span class='ocrx_word' id='word_1_171' title='bbox 1329 1491 1482 1565; x_wconf 86' lang='lat' dir='ltr'>lapidibus</span> <span class='ocrx_word' id='word_1_172' title='bbox 1496 1492 1690 1550; x_wconf 86' lang='lat' dir='ltr'>circumdata.</span> <span class='ocrx_word' id='word_1_173' title='bbox 1715 1492 1758 1550; x_wconf 93' lang='lat' dir='ltr'>lbi</span> 
     </span>
     <span class='ocr_line' id='line_1_14' title="bbox 45 1579 1758 1655; baseline -0.003 -10"><span class='ocrx_word' id='word_1_174' title='bbox 45 1592 124 1645; x_wconf 86' lang='lat' dir='ltr'>recte</span> <span class='ocrx_word' id='word_1_175' title='bbox 138 1584 372 1643; x_wconf 81' lang='lat' dir='ltr'>descenduntur.</span> <span class='ocrx_word' id='word_1_176' title='bbox 386 1584 419 1640; x_wconf 90' lang='lat' dir='ltr'>iu</span> <span class='ocrx_word' id='word_1_177' title='bbox 434 1583 541 1640; x_wconf 80' lang='lat' dir='ltr'>vertice</span> <span class='ocrx_word' id='word_1_178' title='bbox 555 1588 655 1640; x_wconf 88' lang='lat' dir='ltr'>autern</span> <span class='ocrx_word' id='word_1_179' title='bbox 668 1582 780 1641; x_wconf 89' lang='lat' dir='ltr'>montis</span> <span class='ocrx_word' id='word_1_180' title='bbox 804 1580 875 1639; x_wconf 90' lang='lat' dir='ltr'>Sina</span> <span class='ocrx_word' id='word_1_181' title='bbox 928 1579 1019 1638; x_wconf 86' lang='lat' dir='ltr'>etiam</span> <span class='ocrx_word' id='word_1_182' title='bbox 1028 1584 1074 1637; x_wconf 91' lang='lat' dir='ltr'>est</span> <span class='ocrx_word' id='word_1_183' title='bbox 1084 1579 1170 1638; x_wconf 92' lang='lat' dir='ltr'>locus</span> <span class='ocrx_word' id='word_1_184' title='bbox 1186 1580 1237 1638; x_wconf 91' lang='lat' dir='ltr'>ubi</span> <span class='ocrx_word' id='word_1_185' title='bbox 1250 1580 1477 1639; x_wconf 86' lang='lat' dir='ltr'>tabernaculum</span> <span class='ocrx_word' id='word_1_186' title='bbox 1489 1580 1609 1639; x_wconf 81' lang='lat' dir='ltr'>loederis</span> <span class='ocrx_word' id='word_1_187' title='bbox 1617 1582 1758 1655; x_wconf 87' lang='lat' dir='ltr'>primitus</span> 
     </span>
     <span class='ocr_line' id='line_1_15' title="bbox 48 1667 1760 1748; baseline -0.003 -15"><span class='ocrx_word' id='word_1_188' title='bbox 48 1674 152 1733; x_wconf 85' lang='lat' dir='ltr'>uhiiex</span> <span class='ocrx_word' id='word_1_189' title='bbox 160 1675 254 1748; x_wconf 79' lang='lat' dir='ltr'>Moysi</span> <span class='ocrx_word' id='word_1_190' title='bbox 263 1673 336 1731; x_wconf 91' lang='lat' dir='ltr'>data</span> <span class='ocrx_word' id='word_1_191' title='bbox 347 1671 531 1737; x_wconf 85' lang='lat' dir='ltr'>est‚ecclesia</span> <span class='ocrx_word' id='word_1_192' title='bbox 537 1686 631 1745; x_wconf 85' lang='lat' dir='ltr'>parva</span> <span class='ocrx_word' id='word_1_193' title='bbox 637 1675 809 1729; x_wconf 90' lang='lat' dir='ltr'>constructa</span> <span class='ocrx_word' id='word_1_194' title='bbox 818 1674 872 1727; x_wconf 91' lang='lat' dir='ltr'>est.</span> <span class='ocrx_word' id='word_1_195' title='bbox 927 1669 1023 1726; x_wconf 84' lang='lat' dir='ltr'>fixum</span> <span class='ocrx_word' id='word_1_196' title='bbox 1038 1673 1091 1726; x_wconf 89' lang='lat' dir='ltr'>est.</span> <span class='ocrx_word' id='word_1_197' title='bbox 1107 1667 1150 1725; x_wconf 80' lang='lat' dir='ltr'>Ab</span> <span class='ocrx_word' id='word_1_198' title='bbox 1162 1668 1221 1727; x_wconf 89' lang='lat' dir='ltr'>alia</span> <span class='ocrx_word' id='word_1_199' title='bbox 1234 1685 1306 1727; x_wconf 81' lang='lat' dir='ltr'>vero</span> <span class='ocrx_word' id='word_1_200' title='bbox 1312 1675 1398 1743; x_wconf 91' lang='lat' dir='ltr'>parte</span> <span class='ocrx_word' id='word_1_201' title='bbox 1408 1670 1484 1727; x_wconf 89' lang='lat' dir='ltr'>inter</span> <span class='ocrx_word' id='word_1_202' title='bbox 1498 1675 1612 1727; x_wconf 89' lang='lat' dir='ltr'>montes</span> <span class='ocrx_word' id='word_1_203' title='bbox 1627 1670 1760 1748; x_wconf 70' lang='lat' dir='ltr'>exiturep</span> 
     </span>
     <span class='ocr_line' id='line_1_16' title="bbox 45 1758 1758 1836; baseline -0.002 -14"><span class='ocrx_word' id='word_1_204' title='bbox 45 1765 78 1822; x_wconf 91' lang='lat' dir='ltr'>ln</span> <span class='ocrx_word' id='word_1_205' title='bbox 94 1764 266 1822; x_wconf 88' lang='lat' dir='ltr'>summitate</span> <span class='ocrx_word' id='word_1_206' title='bbox 279 1778 347 1820; x_wconf 84' lang='lat' dir='ltr'>vero</span> <span class='ocrx_word' id='word_1_207' title='bbox 358 1760 469 1819; x_wconf 90' lang='lat' dir='ltr'>montis</span> <span class='ocrx_word' id='word_1_208' title='bbox 484 1760 566 1818; x_wconf 91' lang='lat' dir='ltr'>illius</span> <span class='ocrx_word' id='word_1_209' title='bbox 582 1760 682 1818; x_wconf 91' lang='lat' dir='ltr'>nuilus</span> <span class='ocrx_word' id='word_1_210' title='bbox 696 1759 820 1830; x_wconf 89' lang='lat' dir='ltr'>habitat,</span> <span class='ocrx_word' id='word_1_211' title='bbox 831 1760 874 1817; x_wconf 89' lang='lat' dir='ltr'>ni·</span> <span class='ocrx_word' id='word_1_212' title='bbox 927 1758 1068 1832; x_wconf 85' lang='lat' dir='ltr'>incipitur</span> <span class='ocrx_word' id='word_1_213' title='bbox 1079 1759 1141 1831; x_wconf 82' lang='lat' dir='ltr'>J‘am</span> <span class='ocrx_word' id='word_1_214' title='bbox 1145 1758 1233 1833; x_wconf 87' lang='lat' dir='ltr'>juxta</span> <span class='ocrx_word' id='word_1_215' title='bbox 1247 1760 1331 1816; x_wconf 86' lang='lat' dir='ltr'>mare</span> <span class='ocrx_word' id='word_1_216' title='bbox 1342 1759 1698 1828; x_wconf 86' lang='lat' dir='ltr'>ambulare,itantsubito</span> <span class='ocrx_word' id='word_1_217' title='bbox 1704 1778 1758 1836; x_wconf 86' lang='lat' dir='ltr'>per</span> 
     </span>
     <span class='ocr_line' id='line_1_17' title="bbox 12 1848 1758 1945; baseline -0.002 -33"><span class='ocrx_word' id='word_1_218' title='bbox 12 1885 15 1890; x_wconf 89' lang='lat'>-</span> <span class='ocrx_word' id='word_1_219' title='bbox 45 1853 90 1911; x_wconf 91' lang='lat' dir='ltr'>hil</span> <span class='ocrx_word' id='word_1_220' title='bbox 101 1858 145 1912; x_wconf 86' lang='lat' dir='ltr'>est</span> <span class='ocrx_word' id='word_1_221' title='bbox 157 1852 238 1910; x_wconf 91' lang='lat' dir='ltr'>euim</span> <span class='ocrx_word' id='word_1_222' title='bbox 249 1849 378 1909; x_wconf 90' lang='lat' dir='ltr'>ihialiud</span> <span class='ocrx_word' id='word_1_223' title='bbox 391 1848 447 1908; x_wconf 92' lang='lat' dir='ltr'>uisi</span> <span class='ocrx_word' id='word_1_224' title='bbox 458 1848 658 1908; x_wconf 87' lang='lat' dir='ltr'>solaecclesia</span> <span class='ocrx_word' id='word_1_225' title='bbox 676 1855 705 1907; x_wconf 89' lang='lat' dir='ltr'>at</span> <span class='ocrx_word' id='word_1_226' title='bbox 716 1849 871 1922; x_wconf 90' lang='lat' dir='ltr'>spelunea,</span> <span class='ocrx_word' id='word_1_227' title='bbox 887 1885 910 1945; x_wconf 74' lang='lat' dir='ltr'>B</span> <span class='ocrx_word' id='word_1_228' title='bbox 927 1864 1038 1923; x_wconf 87' lang='lat' dir='ltr'>aquam</span> <span class='ocrx_word' id='word_1_229' title='bbox 1054 1848 1147 1905; x_wconf 88' lang='lat' dir='ltr'>maris</span> <span class='ocrx_word' id='word_1_230' title='bbox 1157 1849 1305 1916; x_wconf 86' lang='lat' dir='ltr'>ambules,</span> <span class='ocrx_word' id='word_1_231' title='bbox 1319 1849 1415 1906; x_wconf 91' lang='lat' dir='ltr'>subito</span> <span class='ocrx_word' id='word_1_232' title='bbox 1430 1849 1520 1906; x_wconf 86' lang='lat' dir='ltr'>etiam</span> <span class='ocrx_word' id='word_1_233' title='bbox 1535 1850 1566 1907; x_wconf 90' lang='lat' dir='ltr'>in</span> <span class='ocrx_word' id='word_1_234' title='bbox 1579 1852 1758 1924; x_wconf 82' lang='lat' dir='ltr'>quingentos</span> 
     </span>
     <span class='ocr_line' id='line_1_18' title="bbox 45 1936 1757 2017; baseline -0.003 -15"><span class='ocrx_word' id='word_1_235' title='bbox 45 1946 77 2002; x_wconf 91' lang='lat' dir='ltr'>in</span> <span class='ocrx_word' id='word_1_236' title='bbox 91 1959 149 2017; x_wconf 83' lang='lat' dir='ltr'>qua</span> <span class='ocrx_word' id='word_1_237' title='bbox 173 1942 318 2000; x_wconf 87' lang='lat' dir='ltr'>habitavit</span> <span class='ocrx_word' id='word_1_238' title='bbox 334 1945 457 1997; x_wconf 89' lang='lat' dir='ltr'>sanetus</span> <span class='ocrx_word' id='word_1_239' title='bbox 474 1939 702 2012; x_wconf 76' lang='lat' dir='ltr'>htoyses3mons</span> <span class='ocrx_word' id='word_1_240' title='bbox 723 1954 795 1995; x_wconf 85' lang='lat' dir='ltr'>vero</span> <span class='ocrx_word' id='word_1_241' title='bbox 809 1939 874 2011; x_wconf 90' lang='lat' dir='ltr'>ipse</span> <span class='ocrx_word' id='word_1_242' title='bbox 927 1953 1036 2011; x_wconf 88' lang='lat' dir='ltr'>passus</span> <span class='ocrx_word' id='word_1_243' title='bbox 1048 1953 1101 2011; x_wconf 90' lang='lat' dir='ltr'>per</span> <span class='ocrx_word' id='word_1_244' title='bbox 1115 1953 1237 1995; x_wconf 79' lang='lat' dir='ltr'>arenant</span> <span class='ocrx_word' id='word_1_245' title='bbox 1249 1936 1517 1996; x_wconf 83' lang='lat' dir='ltr'>ambuletureremi</span> <span class='ocrx_word' id='word_1_246' title='bbox 1529 1954 1537 2006; x_wconf 91' lang='lat'>;</span> <span class='ocrx_word' id='word_1_247' title='bbox 1548 1940 1686 1996; x_wconf 82' lang='lat' dir='ltr'>viaenim</span> <span class='ocrx_word' id='word_1_248' title='bbox 1698 1939 1757 1999; x_wconf 90' lang='lat' dir='ltr'>illio</span> 
     </span>
     <span class='ocr_line' id='line_1_19' title="bbox 46 2025 1756 2108; baseline -0.002 -17"><span class='ocrx_word' id='word_1_249' title='bbox 46 2038 127 2092; x_wconf 90' lang='lat' dir='ltr'>totus</span> <span class='ocrx_word' id='word_1_250' title='bbox 140 2031 270 2108; x_wconf 90' lang='lat' dir='ltr'>petrinus</span> <span class='ocrx_word' id='word_1_251' title='bbox 284 2032 340 2100; x_wconf 90' lang='lat' dir='ltr'>est,</span> <span class='ocrx_word' id='word_1_252' title='bbox 361 2028 402 2086; x_wconf 86' lang='lat' dir='ltr'>ite</span> <span class='ocrx_word' id='word_1_253' title='bbox 425 2034 458 2086; x_wconf 91' lang='lat' dir='ltr'>ut</span> <span class='ocrx_word' id='word_1_254' title='bbox 477 2043 533 2085; x_wconf 90' lang='lat' dir='ltr'>nec</span> <span class='ocrx_word' id='word_1_255' title='bbox 547 2026 684 2084; x_wconf 86' lang='lat' dir='ltr'>fruticem</span> <span class='ocrx_word' id='word_1_256' title='bbox 698 2026 817 2084; x_wconf 89' lang='lat' dir='ltr'>babeat.</span> <span class='ocrx_word' id='word_1_257' title='bbox 833 2027 873 2083; x_wconf 87' lang='lat' dir='ltr'>De</span> <span class='ocrx_word' id='word_1_258' title='bbox 927 2025 1047 2098; x_wconf 91' lang='lat' dir='ltr'>penitus</span> <span class='ocrx_word' id='word_1_259' title='bbox 1061 2029 1189 2092; x_wconf 83' lang='lat' dir='ltr'>nonest,</span> <span class='ocrx_word' id='word_1_260' title='bbox 1201 2025 1254 2082; x_wconf 90' lang='lat' dir='ltr'>sed</span> <span class='ocrx_word' id='word_1_261' title='bbox 1268 2026 1319 2099; x_wconf 82' lang='lat' dir='ltr'>qui</span> <span class='ocrx_word' id='word_1_262' title='bbox 1328 2025 1440 2083; x_wconf 88' lang='lat' dir='ltr'>ibidem</span> <span class='ocrx_word' id='word_1_263' title='bbox 1453 2025 1622 2100; x_wconf 87' lang='lat' dir='ltr'>ambulant,</span> <span class='ocrx_word' id='word_1_264' title='bbox 1637 2027 1669 2084; x_wconf 92' lang='lat' dir='ltr'>in</span> <span class='ocrx_word' id='word_1_265' title='bbox 1684 2027 1756 2087; x_wconf 91' lang='lat' dir='ltr'>locis</span> 
     </span>
     <span class='ocr_line' id='line_1_20' title="bbox 45 2113 1756 2190; baseline -0.003 -10"><span class='ocrx_word' id='word_1_266' title='bbox 45 2123 217 2180; x_wconf 86' lang='lat' dir='ltr'>summitate</span> <span class='ocrx_word' id='word_1_267' title='bbox 228 2132 298 2177; x_wconf 82' lang='lat' dir='ltr'>vero</span> <span class='ocrx_word' id='word_1_268' title='bbox 309 2116 419 2175; x_wconf 90' lang='lat' dir='ltr'>montis</span> <span class='ocrx_word' id='word_1_269' title='bbox 429 2116 562 2174; x_wconf 89' lang='lat' dir='ltr'>mediani</span> <span class='ocrx_word' id='word_1_270' title='bbox 573 2115 615 2174; x_wconf 92' lang='lat' dir='ltr'>ita</span> <span class='ocrx_word' id='word_1_271' title='bbox 626 2114 874 2173; x_wconf 85' lang='lat' dir='ltr'>subtusvidentur</span> <span class='ocrx_word' id='word_1_272' title='bbox 927 2118 956 2172; x_wconf 91' lang='lat' dir='ltr'>et</span> <span class='ocrx_word' id='word_1_273' title='bbox 969 2113 1043 2171; x_wconf 90' lang='lat' dir='ltr'>locis</span> <span class='ocrx_word' id='word_1_274' title='bbox 1054 2113 1141 2185; x_wconf 79' lang='lat' dir='ltr'>signa</span> <span class='ocrx_word' id='word_1_275' title='bbox 1152 2120 1275 2189; x_wconf 91' lang='lat' dir='ltr'>ponunt,</span> <span class='ocrx_word' id='word_1_276' title='bbox 1291 2114 1332 2171; x_wconf 94' lang='lat' dir='ltr'>ad</span> <span class='ocrx_word' id='word_1_277' title='bbox 1353 2131 1420 2188; x_wconf 77' lang='lat' dir='ltr'>quse</span> <span class='ocrx_word' id='word_1_278' title='bbox 1433 2114 1520 2187; x_wconf 75' lang='lat' dir='ltr'>signa</span> <span class='ocrx_word' id='word_1_279' title='bbox 1531 2130 1586 2190; x_wconf 92' lang='lat' dir='ltr'>per</span> <span class='ocrx_word' id='word_1_280' title='bbox 1600 2116 1679 2173; x_wconf 90' lang='lat' dir='ltr'>diem</span> <span class='ocrx_word' id='word_1_281' title='bbox 1693 2134 1756 2175; x_wconf 90' lang='lat' dir='ltr'>am·</span> 
     </span>
     <span class='ocr_line' id='line_1_21' title="bbox 45 2202 1757 2279; baseline -0.002 -10"><span class='ocrx_word' id='word_1_282' title='bbox 45 2227 113 2270; x_wconf 90' lang='lat' dir='ltr'>esse</span> <span class='ocrx_word' id='word_1_283' title='bbox 128 2210 169 2268; x_wconf 91' lang='lat' dir='ltr'>illi</span> <span class='ocrx_word' id='word_1_284' title='bbox 182 2213 299 2267; x_wconf 89' lang='lat' dir='ltr'>montes</span> <span class='ocrx_word' id='word_1_285' title='bbox 311 2205 507 2265; x_wconf 86' lang='lat' dir='ltr'>excelsissimi</span> <span class='ocrx_word' id='word_1_286' title='bbox 522 2205 610 2279; x_wconf 87' lang='lat' dir='ltr'>quasi</span> <span class='ocrx_word' id='word_1_287' title='bbox 624 2203 762 2262; x_wconf 87' lang='lat' dir='ltr'>colliculi.</span> <span class='ocrx_word' id='word_1_288' title='bbox 776 2206 873 2261; x_wconf 77' lang='lat' dir='ltr'>Aver-</span> <span class='ocrx_word' id='word_1_289' title='bbox 927 2203 1039 2271; x_wconf 88' lang='lat' dir='ltr'>butant,</span> <span class='ocrx_word' id='word_1_290' title='bbox 1050 2209 1138 2260; x_wconf 90' lang='lat' dir='ltr'>nocta</span> <span class='ocrx_word' id='word_1_291' title='bbox 1150 2208 1252 2260; x_wconf 86' lang='lat' dir='ltr'>autem</span> <span class='ocrx_word' id='word_1_292' title='bbox 1266 2202 1670 2276; x_wconf 79' lang='lat' dir='ltr'>signassmeliostsnuunt.a</span> <span class='ocrx_word' id='word_1_293' title='bbox 1680 2205 1757 2265; x_wconf 86' lang='lat' dir='ltr'>mari</span> 
     </span>
     <span class='ocr_line' id='line_1_22' title="bbox 43 2291 1755 2369; baseline -0.005 -9"><span class='ocrx_word' id='word_1_294' title='bbox 43 2293 873 2369; x_wconf 79' lang='lat' dir='ltr'>ticeautemmcntisSinaiAEgyptum,Palestinem,mare</span> <span class='ocrx_word' id='word_1_295' title='bbox 927 2298 1027 2350; x_wconf 89' lang='lat' dir='ltr'>autem</span> <span class='ocrx_word' id='word_1_296' title='bbox 1041 2291 1139 2349; x_wconf 85' lang='lat' dir='ltr'>Rubro</span> <span class='ocrx_word' id='word_1_297' title='bbox 1149 2307 1246 2365; x_wconf 90' lang='lat' dir='ltr'>usque</span> <span class='ocrx_word' id='word_1_298' title='bbox 1256 2293 1292 2351; x_wconf 89' lang='lat' dir='ltr'>ad</span> <span class='ocrx_word' id='word_1_299' title='bbox 1302 2292 1755 2352; x_wconf 74' lang='lat' dir='ltr'>Archiacivitatemmansioues</span> 
     </span>
     <span class='ocr_line' id='line_1_23' title="bbox 45 2380 1756 2457; baseline -0.004 -10"><span class='ocrx_word' id='word_1_300' title='bbox 45 2389 188 2456; x_wconf 84' lang='lat' dir='ltr'>Rubrum,</span> <span class='ocrx_word' id='word_1_301' title='bbox 206 2403 288 2444; x_wconf 81' lang='lat' dir='ltr'>usare</span> <span class='ocrx_word' id='word_1_302' title='bbox 300 2384 521 2449; x_wconf 87' lang='lat' dir='ltr'>Parthenicum,</span> <span class='ocrx_word' id='word_1_303' title='bbox 535 2381 619 2457; x_wconf 89' lang='lat' dir='ltr'>quod</span> <span class='ocrx_word' id='word_1_304' title='bbox 639 2383 729 2441; x_wconf 88' lang='lat' dir='ltr'>mittit</span> <span class='ocrx_word' id='word_1_305' title='bbox 748 2382 873 2439; x_wconf 72' lang='lat' dir='ltr'>Alexan·</span> <span class='ocrx_word' id='word_1_306' title='bbox 925 2387 1054 2455; x_wconf 82' lang='lat' dir='ltr'>quatuor</span> <span class='ocrx_word' id='word_1_307' title='bbox 1062 2384 1142 2437; x_wconf 90' lang='lat' dir='ltr'>sunt.</span> <span class='ocrx_word' id='word_1_308' title='bbox 1149 2380 1423 2451; x_wconf 79' lang='lat' dir='ltr'>FiliiautemlsraeI,</span> <span class='ocrx_word' id='word_1_309' title='bbox 1433 2381 1558 2454; x_wconf 88' lang='lat' dir='ltr'>quando</span> <span class='ocrx_word' id='word_1_310' title='bbox 1568 2383 1756 2455; x_wconf 78' lang='lat' dir='ltr'>egressisunt</span> 
     </span>
     <span class='ocr_line' id='line_1_24' title="bbox 44 2469 1756 2546; baseline -0.005 -10"><span class='ocrx_word' id='word_1_311' title='bbox 44 2478 154 2546; x_wconf 87' lang='lat' dir='ltr'>driam,</span> <span class='ocrx_word' id='word_1_312' title='bbox 167 2491 296 2534; x_wconf 86' lang='lat' dir='ltr'>necnon</span> <span class='ocrx_word' id='word_1_313' title='bbox 309 2473 425 2532; x_wconf 84' lang='lat' dir='ltr'>etfinas</span> <span class='ocrx_word' id='word_1_314' title='bbox 438 2475 655 2530; x_wconf 86' lang='lat' dir='ltr'>Saracenorum</span> <span class='ocrx_word' id='word_1_315' title='bbox 677 2470 873 2528; x_wconf 85' lang='lat' dir='ltr'>videntur.1n</span> <span class='ocrx_word' id='word_1_316' title='bbox 926 2469 964 2526; x_wconf 91' lang='lat' dir='ltr'>de</span> <span class='ocrx_word' id='word_1_317' title='bbox 989 2469 1127 2544; x_wconf 76' lang='lat' dir='ltr'>AEgppto,</span> <span class='ocrx_word' id='word_1_318' title='bbox 1151 2475 1299 2543; x_wconf 87' lang='lat' dir='ltr'>quantum</span> <span class='ocrx_word' id='word_1_319' title='bbox 1324 2469 1409 2527; x_wconf 90' lang='lat' dir='ltr'>ibant</span> <span class='ocrx_word' id='word_1_320' title='bbox 1432 2469 1547 2539; x_wconf 84' lang='lat' dir='ltr'>dextra,</span> <span class='ocrx_word' id='word_1_321' title='bbox 1572 2477 1689 2528; x_wconf 90' lang='lat' dir='ltr'>tantum</span> <span class='ocrx_word' id='word_1_322' title='bbox 1711 2486 1756 2529; x_wconf 91' lang='lat' dir='ltr'>re·</span> 
     </span>
     <span class='ocr_line' id='line_1_25' title="bbox 44 2558 1755 2637; baseline -0.005 -12"><span class='ocrx_word' id='word_1_323' title='bbox 44 2561 343 2631; x_wconf 85' lang='lat' dir='ltr'>monteveroiioreb,</span> <span class='ocrx_word' id='word_1_324' title='bbox 357 2559 616 2637; x_wconf 86' lang='lat' dir='ltr'>quieidemmunti</span> <span class='ocrx_word' id='word_1_325' title='bbox 630 2559 872 2631; x_wconf 87' lang='lat' dir='ltr'>conjunctusest,</span> <span class='ocrx_word' id='word_1_326' title='bbox 926 2558 1033 2617; x_wconf 91' lang='lat' dir='ltr'>dibant</span> <span class='ocrx_word' id='word_1_327' title='bbox 1061 2558 1192 2630; x_wconf 90' lang='lat' dir='ltr'>sinistra,</span> <span class='ocrx_word' id='word_1_328' title='bbox 1222 2563 1369 2632; x_wconf 89' lang='lat' dir='ltr'>quantum</span> <span class='ocrx_word' id='word_1_329' title='bbox 1392 2558 1494 2616; x_wconf 89' lang='lat' dir='ltr'>denuo</span> <span class='ocrx_word' id='word_1_330' title='bbox 1517 2559 1636 2617; x_wconf 92' lang='lat' dir='ltr'>sinistra</span> <span class='ocrx_word' id='word_1_331' title='bbox 1663 2560 1755 2628; x_wconf 88' lang='lat' dir='ltr'>ibant,</span> 
     </span>
     <span class='ocr_line' id='line_1_26' title="bbox 43 2647 1755 2725; baseline -0.004 -11"><span class='ocrx_word' id='word_1_332' title='bbox 43 2662 92 2715; x_wconf 88' lang='lat' dir='ltr'>est</span> <span class='ocrx_word' id='word_1_333' title='bbox 105 2655 243 2725; x_wconf 88' lang='lat' dir='ltr'>ecclesia,</span> <span class='ocrx_word' id='word_1_334' title='bbox 258 2660 287 2710; x_wconf 89' lang='lat' dir='ltr'>et</span> <span class='ocrx_word' id='word_1_335' title='bbox 298 2656 366 2709; x_wconf 91' lang='lat' dir='ltr'>ante</span> <span class='ocrx_word' id='word_1_336' title='bbox 377 2648 582 2720; x_wconf 87' lang='lat' dir='ltr'>ecelesiam,in</span> <span class='ocrx_word' id='word_1_337' title='bbox 590 2648 741 2722; x_wconf 88' lang='lat' dir='ltr'>qualatuit</span> <span class='ocrx_word' id='word_1_338' title='bbox 753 2653 873 2706; x_wconf 86' lang='lat' dir='ltr'>sanctus</span> <span class='ocrx_word' id='word_1_339' title='bbox 926 2651 1046 2706; x_wconf 91' lang='lat' dir='ltr'>tantum</span> <span class='ocrx_word' id='word_1_340' title='bbox 1071 2647 1171 2705; x_wconf 88' lang='lat' dir='ltr'>denuo</span> <span class='ocrx_word' id='word_1_341' title='bbox 1199 2651 1277 2705; x_wconf 90' lang='lat' dir='ltr'>retro</span> <span class='ocrx_word' id='word_1_342' title='bbox 1301 2647 1534 2721; x_wconf 74' lang='lat' dir='ltr'>reverebantur,</span> <span class='ocrx_word' id='word_1_343' title='bbox 1558 2653 1587 2707; x_wconf 91' lang='lat' dir='ltr'>et</span> <span class='ocrx_word' id='word_1_344' title='bbox 1614 2648 1657 2707; x_wconf 84' lang='lat' dir='ltr'>sio</span> <span class='ocrx_word' id='word_1_345' title='bbox 1679 2648 1755 2709; x_wconf 88' lang='lat' dir='ltr'>leue·</span> 
     </span>
     <span class='ocr_line' id='line_1_27' title="bbox 44 2735 1276 2809; baseline -0.006 -8"><span class='ocrx_word' id='word_1_346' title='bbox 44 2746 124 2802; x_wconf 77' lang='lat' dir='ltr'>Elias</span> <span class='ocrx_word' id='word_1_347' title='bbox 139 2743 197 2800; x_wconf 90' lang='lat' dir='ltr'>sub</span> <span class='ocrx_word' id='word_1_348' title='bbox 213 2739 324 2799; x_wconf 79' lang='lat' dir='ltr'>achab.</span> <span class='ocrx_word' id='word_1_349' title='bbox 341 2739 509 2798; x_wconf 84' lang='lat' dir='ltr'>ostenditur</span> <span class='ocrx_word' id='word_1_350' title='bbox 522 2738 564 2794; x_wconf 92' lang='lat' dir='ltr'>ihi</span> <span class='ocrx_word' id='word_1_351' title='bbox 579 2738 669 2795; x_wconf 92' lang='lat' dir='ltr'>etiam</span> <span class='ocrx_word' id='word_1_352' title='bbox 681 2736 774 2795; x_wconf 87' lang='lat' dir='ltr'>altare</span> <span class='ocrx_word' id='word_1_353' title='bbox 798 2736 873 2809; x_wconf 92' lang='lat' dir='ltr'>lapi·</span> <span class='ocrx_word' id='word_1_354' title='bbox 927 2741 998 2794; x_wconf 91' lang='lat' dir='ltr'>runt</span> <span class='ocrx_word' id='word_1_355' title='bbox 1012 2735 1069 2809; x_wconf 73' lang='lat'><strong>(⁹0)</strong></span> <span class='ocrx_word' id='word_1_356' title='bbox 1090 2771 1276 2797; x_wconf 88' lang='grc'><strong>.......</strong></span> 
     </span>
    </p>

    <p class='ocr_par' dir='ltr' id='par_1_3' title="bbox 44 2823 874 2905">
     <span class='ocr_line' id='line_1_28' title="bbox 44 2823 874 2905; baseline -0.012 -15"><span class='ocrx_word' id='word_1_357' title='bbox 44 2833 150 2898; x_wconf 89' lang='lat' dir='ltr'>deum,</span> <span class='ocrx_word' id='word_1_358' title='bbox 164 2825 635 2905; x_wconf 86' lang='lat' dir='ltr'>quodposuitipsesanctuslilias</span> <span class='ocrx_word' id='word_1_359' title='bbox 645 2823 874 2883; x_wconf 85' lang='lat' dir='ltr'>adulterendum</span> 
     </span>
    </p>
   </div>
   <div class='ocr_carea' id='block_1_3' title="bbox 44 2944 1753 3140">
    <p class='ocr_par' dir='ltr' id='par_1_4' title="bbox 44 2944 1753 3140">
     <span class='ocr_line' id='line_1_29' title="bbox 82 2944 1097 3033; baseline -0.009 -19"><span class='ocrx_word' id='word_1_360' title='bbox 82 2956 141 3033; x_wconf 81' lang='lat'><strong>(90)</strong></span> <span class='ocrx_word' id='word_1_361' title='bbox 160 2957 271 3025; x_wconf 80' lang='lat' dir='ltr'>ouasto</span> <span class='ocrx_word' id='word_1_362' title='bbox 285 2969 357 3023; x_wconf 90' lang='lat' dir='ltr'>ms.,</span> <span class='ocrx_word' id='word_1_363' title='bbox 372 2951 465 3010; x_wconf 91' lang='lat' dir='ltr'>molto</span> <span class='ocrx_word' id='word_1_364' title='bbox 477 2954 585 3025; x_wconf 74' lang='lat' dir='ltr'>guasto</span> <span class='ocrx_word' id='word_1_365' title='bbox 598 2949 651 3009; x_wconf 89' lang='lat' dir='ltr'>dal</span> <span class='ocrx_word' id='word_1_366' title='bbox 666 2954 778 3025; x_wconf 84' lang='lat' dir='ltr'>tempo,</span> <span class='ocrx_word' id='word_1_367' title='bbox 792 2952 923 3008; x_wconf 81' lang='lat' dir='ltr'>bscamo</span> <span class='ocrx_word' id='word_1_368' title='bbox 937 2946 1015 3007; x_wconf 87' lang='lat' dir='ltr'>della</span> <span class='ocrx_word' id='word_1_369' title='bbox 1027 2944 1097 3006; x_wconf 80' lang='lat' dir='ltr'>tine.</span> 
     </span>
     <span class='ocr_line' id='line_1_30' title="bbox 44 3097 1753 3140; baseline -0.009 0"><span class='ocrx_word' id='word_1_370' title='bbox 44 3097 1753 3140; x_wconf 47' lang='lat' dir='ltr'><em>w</em></span> 
     </span>
    </p>
   </div>
   <div class='ocr_carea' id='block_1_4' title="bbox 370 3169 1438 3545">
    <p class='ocr_par' dir='ltr' id='par_1_5' title="bbox 370 3169 1438 3545">
     <span class='ocr_line' id='line_1_31' title="bbox 548 3169 1258 3336; baseline -0.006 0"><span class='ocrx_word' id='word_1_371' title='bbox 548 3214 822 3336; x_wconf 73' lang='lat' dir='ltr'>rerer</span> <span class='ocrx_word' id='word_1_372' title='bbox 882 3169 1258 3335; x_wconf 81' lang='lat' dir='ltr'>niaoorti</span> 
     </span>
     <span class='ocr_line' id='line_1_32' title="bbox 370 3427 1438 3545; baseline -0.005 -3"><span class='ocrx_word' id='word_1_373' title='bbox 370 3449 664 3545; x_wconf 86' lang='lat' dir='ltr'>PROLOGUS</span> <span class='ocrx_word' id='word_1_374' title='bbox 706 3449 763 3539; x_wconf 88' lang='grc' dir='ltr'>ΙΝ</span> <span class='ocrx_word' id='word_1_375' title='bbox 806 3427 1101 3540; x_wconf 78' lang='lat' dir='ltr'>nhuhstttrt</span> <span class='ocrx_word' id='word_1_376' title='bbox 1142 3441 1438 3539; x_wconf 82' lang='lat' dir='ltr'>cASiNENSE</span> 
     </span>
    </p>
   </div>
   <div class='ocr_carea' id='block_1_5' title="bbox 649 3601 1152 3662">
    <p class='ocr_par' dir='ltr' id='par_1_6' title="bbox 649 3601 1152 3662">
     <span class='ocr_line' id='line_1_33' title="bbox 649 3601 1152 3662; baseline -0.008 0"><span class='ocrx_word' id='word_1_377' title='bbox 649 3602 959 3662; x_wconf 64' lang='lat' dir='ltr'>instetuemus</span> <span class='ocrx_word' id='word_1_378' title='bbox 977 3601 1152 3660; x_wconf 72' lang='lat' dir='ltr'>tussitat.</span> 
     </span>
    </p>
   </div>
   <div class='ocr_carea' id='block_1_6' title="bbox 333 3775 1471 3860">
    <p class='ocr_par' dir='ltr' id='par_1_7' title="bbox 333 3775 1471 3860">
     <span class='ocr_line' id='line_1_34' title="bbox 333 3775 1471 3860; baseline -0.008 -18"><span class='ocrx_word' id='word_1_379' title='bbox 333 3785 445 3860; x_wconf 75' lang='lat' dir='ltr'>(liutet</span> <span class='ocrx_word' id='word_1_380' title='bbox 457 3784 532 3842; x_wconf 90' lang='lat' dir='ltr'>inter</span> <span class='ocrx_word' id='word_1_381' title='bbox 545 3782 753 3858; x_wconf 75' lang='lat' dir='ltr'>Prolegumena</span> <span class='ocrx_word' id='word_1_382' title='bbox 767 3783 805 3839; x_wconf 93' lang='lat' dir='ltr'>ad</span> <span class='ocrx_word' id='word_1_383' title='bbox 829 3779 990 3839; x_wconf 84' lang='lat' dir='ltr'>chronicon</span> <span class='ocrx_word' id='word_1_384' title='bbox 1011 3778 1176 3845; x_wconf 85' lang='lat' dir='ltr'>casinense,</span> <span class='ocrx_word' id='word_1_385' title='bbox 1192 3793 1289 3852; x_wconf 89' lang='lat' dir='ltr'>supra,</span> <span class='ocrx_word' id='word_1_386' title='bbox 1314 3775 1370 3834; x_wconf 85' lang='lat' dir='ltr'>cot.</span> <span class='ocrx_word' id='word_1_387' title='bbox 1392 3775 1471 3850; x_wconf 79' lang='lat' dir='ltr'>tto.)</span> 
     </span>
    </p>
   </div>
   <div class='ocr_carea' id='block_1_7' title="bbox 412 3993 1471 4424">
    <p class='ocr_par' dir='ltr' id='par_1_8' title="bbox 412 3993 1471 4424">
     <span class='ocr_line' id='line_1_35' title="bbox 552 3993 1254 4256; baseline -0.008 -65"><span class='ocrx_word' id='word_1_388' title='bbox 552 4069 825 4191; x_wconf 73' lang='lat' dir='ltr'>rerer</span> <span class='ocrx_word' id='word_1_389' title='bbox 885 3993 1254 4256; x_wconf 81' lang='lat' dir='ltr'>nraoorri</span> 
     </span>
     <span class='ocr_line' id='line_1_36' title="bbox 412 4291 1471 4424; baseline 0.003 -3"><span class='ocrx_word' id='word_1_390' title='bbox 412 4296 874 4422; x_wconf 75' lang='lat' dir='ltr'>DlsctPLlNa&#39;</span> <span class='ocrx_word' id='word_1_391' title='bbox 936 4291 1398 4419; x_wconf 76' lang='lat' dir='ltr'>casianusis</span> <span class='ocrx_word' id='word_1_392' title='bbox 1467 4415 1471 4424; x_wconf 83' lang='grc'>,</span> 
     </span>
    </p>
   </div>
   <div class='ocr_carea' id='block_1_8' title="bbox 86 4461 1759 4658">
    <p class='ocr_par' dir='ltr' id='par_1_9' title="bbox 86 4461 1759 4658">
     <span class='ocr_line' id='line_1_37' title="bbox 86 4461 1757 4586; baseline -0.005 -15"><span class='ocrx_word' id='word_1_393' title='bbox 86 4461 188 4586; x_wconf 51' lang='lat' dir='ltr'>(inas</span> <span class='ocrx_word' id='word_1_394' title='bbox 201 4512 353 4585; x_wconf 75' lang='lat' dir='ltr'>discipline</span> <span class='ocrx_word' id='word_1_395' title='bbox 363 4511 570 4568; x_wconf 68' lang='lat' dir='ltr'>moneremus</span> <span class='ocrx_word' id='word_1_396' title='bbox 595 4510 716 4568; x_wconf 81' lang='lat' dir='ltr'>collectio</span> <span class='ocrx_word' id='word_1_397' title='bbox 736 4512 880 4564; x_wconf 65' lang='lat' dir='ltr'>cuderem</span> <span class='ocrx_word' id='word_1_398' title='bbox 903 4504 1015 4563; x_wconf 59' lang='lat' dir='ltr'>odinis</span> <span class='ocrx_word' id='word_1_399' title='bbox 1034 4504 1067 4562; x_wconf 87' lang='lat' dir='ltr'>S.</span> <span class='ocrx_word' id='word_1_400' title='bbox 1089 4504 1240 4563; x_wconf 79' lang='lat' dir='ltr'>Benedicti</span> <span class='ocrx_word' id='word_1_401' title='bbox 1264 4507 1416 4562; x_wconf 72' lang='lat' dir='ltr'>mosim</span> <span class='ocrx_word' id='word_1_402' title='bbox 1439 4507 1552 4576; x_wconf 80' lang='lat' dir='ltr'>purtem</span> <span class='ocrx_word' id='word_1_403' title='bbox 1587 4502 1757 4562; x_wconf 74' lang='lat' dir='ltr'>ineditorum</span> 
     </span>
     <span class='ocr_line' id='line_1_38' title="bbox 123 4575 1759 4658; baseline -0.006 -15"><span class='ocrx_word' id='word_1_404' title='bbox 123 4601 212 4658; x_wconf 88' lang='lat' dir='ltr'>opera</span> <span class='ocrx_word' id='word_1_405' title='bbox 226 4588 255 4642; x_wconf 89' lang='lat' dir='ltr'>et</span> <span class='ocrx_word' id='word_1_406' title='bbox 265 4583 362 4642; x_wconf 89' lang='lat' dir='ltr'>studia</span> <span class='ocrx_word' id='word_1_407' title='bbox 375 4584 405 4607; x_wconf 76' lang='lat'>”⁸</span> <span class='ocrx_word' id='word_1_408' title='bbox 426 4581 584 4656; x_wconf 79' lang='lat' dir='ltr'>presbyteri</span> <span class='ocrx_word' id='word_1_409' title='bbox 596 4586 626 4640; x_wconf 90' lang='lat' dir='ltr'>et</span> <span class='ocrx_word' id='word_1_410' title='bbox 639 4579 776 4638; x_wconf 89' lang='lat' dir='ltr'>monachi</span> <span class='ocrx_word' id='word_1_411' title='bbox 789 4578 893 4637; x_wconf 82' lang='lat' dir='ltr'>bened.</span> <span class='ocrx_word' id='word_1_412' title='bbox 909 4578 1043 4649; x_wconf 76' lang='lat' dir='ltr'>econgr.</span> <span class='ocrx_word' id='word_1_413' title='bbox 1069 4577 1098 4635; x_wconf 85' lang='lat' dir='ltr'>S.</span> <span class='ocrx_word' id='word_1_414' title='bbox 1115 4575 1202 4633; x_wconf 87' lang='lat' dir='ltr'>Blasii</span> <span class='ocrx_word' id='word_1_415' title='bbox 1217 4576 1247 4633; x_wconf 93' lang='lat' dir='ltr'>in</span> <span class='ocrx_word' id='word_1_416' title='bbox 1272 4577 1351 4634; x_wconf 81' lang='lat' dir='ltr'>Silva</span> <span class='ocrx_word' id='word_1_417' title='bbox 1364 4576 1458 4649; x_wconf 79' lang='lat' dir='ltr'>uipra.</span> <span class='ocrx_word' id='word_1_418' title='bbox 1486 4575 1591 4642; x_wconf 76' lang='lat' dir='ltr'>Paria,</span> <span class='ocrx_word' id='word_1_419' title='bbox 1604 4576 1686 4649; x_wconf 78' lang='lat' dir='ltr'>ttttt,</span> <span class='ocrx_word' id='word_1_420' title='bbox 1699 4577 1759 4648; x_wconf 68' lang='lat' dir='ltr'>it.)</span> 
     </span>
    </p>
   </div>
   <div class='ocr_carea' id='block_1_9' title="bbox 769 4712 1136 4799">
    <p class='ocr_par' dir='ltr' id='par_1_10' title="bbox 769 4712 1136 4799">
     <span class='ocr_line' id='line_1_39' title="bbox 769 4712 1136 4799; baseline -0.014 0"><span class='ocrx_word' id='word_1_421' title='bbox 769 4712 1044 4799; x_wconf 78' lang='lat' dir='ltr'>Moltltttic·</span> <span class='ocrx_word' id='word_1_422' title='bbox 1133 4743 1136 4748; x_wconf 63' lang='grc'>’</span> 
     </span>
    </p>
   </div>
   <div class='ocr_carea' id='block_1_10' title="bbox 50 4854 1773 5806">
    <p class='ocr_par' dir='ltr' id='par_1_11' title="bbox 50 4854 1760 5584">
     <span class='ocr_line' id='line_1_40' title="bbox 126 4854 1759 4940; baseline -0.01 -13"><span class='ocrx_word' id='word_1_423' title='bbox 126 4871 248 4927; x_wconf 85' lang='lat' dir='ltr'>Sanctus</span> <span class='ocrx_word' id='word_1_424' title='bbox 270 4867 439 4926; x_wconf 84' lang='lat' dir='ltr'>Benedictus</span> <span class='ocrx_word' id='word_1_425' title='bbox 453 4881 488 4925; x_wconf 90' lang='lat' dir='ltr'>ea</span> <span class='ocrx_word' id='word_1_426' title='bbox 502 4883 567 4940; x_wconf 78' lang='lat' dir='ltr'>qna</span> <span class='ocrx_word' id='word_1_427' title='bbox 582 4865 612 4922; x_wconf 92' lang='lat' dir='ltr'>in</span> <span class='ocrx_word' id='word_1_428' title='bbox 630 4881 713 4922; x_wconf 88' lang='lat' dir='ltr'>sacra</span> <span class='ocrx_word' id='word_1_429' title='bbox 726 4879 779 4920; x_wconf 92' lang='lat' dir='ltr'>sua</span> <span class='ocrx_word' id='word_1_430' title='bbox 795 4861 894 4934; x_wconf 78' lang='lat' dir='ltr'>regula</span> <span class='ocrx_word' id='word_1_431' title='bbox 913 4859 1063 4917; x_wconf 82' lang='lat' dir='ltr'>indefinita</span> <span class='ocrx_word' id='word_1_432' title='bbox 1082 4857 1247 4931; x_wconf 82' lang='lat' dir='ltr'>reliquerat,</span> <span class='ocrx_word' id='word_1_433' title='bbox 1261 4854 1424 4930; x_wconf 86' lang='lat' dir='ltr'>cujusmodi</span> <span class='ocrx_word' id='word_1_434' title='bbox 1442 4861 1508 4915; x_wconf 89' lang='lat' dir='ltr'>sunt</span> <span class='ocrx_word' id='word_1_435' title='bbox 1522 4855 1759 4930; x_wconf 72' lang='lat' dir='ltr'>penitentiarum</span> 
     </span>
     <span class='ocr_line' id='line_1_41' title="bbox 51 4925 1759 5009; baseline -0.009 -10"><span class='ocrx_word' id='word_1_436' title='bbox 51 4942 167 5009; x_wconf 90' lang='lat' dir='ltr'>modus,</span> <span class='ocrx_word' id='word_1_437' title='bbox 184 4941 306 4998; x_wconf 71' lang='lat' dir='ltr'>ratium</span> <span class='ocrx_word' id='word_1_438' title='bbox 319 4941 414 4996; x_wconf 83' lang='lat' dir='ltr'>torma</span> <span class='ocrx_word' id='word_1_439' title='bbox 428 4940 553 5006; x_wconf 90' lang='lat' dir='ltr'>etcolor,</span> <span class='ocrx_word' id='word_1_440' title='bbox 569 4938 684 5008; x_wconf 86' lang='lat' dir='ltr'>aliaque</span> <span class='ocrx_word' id='word_1_441' title='bbox 692 4936 722 4990; x_wconf 94' lang='lat' dir='ltr'>id</span> <span class='ocrx_word' id='word_1_442' title='bbox 732 4950 834 5007; x_wconf 79' lang='lat' dir='ltr'>genus,</span> <span class='ocrx_word' id='word_1_443' title='bbox 845 4932 958 4989; x_wconf 87' lang='lat' dir='ltr'>abbatis</span> <span class='ocrx_word' id='word_1_444' title='bbox 967 4931 1087 4989; x_wconf 89' lang='lat' dir='ltr'>arbitrio</span> <span class='ocrx_word' id='word_1_445' title='bbox 1098 4930 1262 4987; x_wconf 82' lang='lat' dir='ltr'>delinienda</span> <span class='ocrx_word' id='word_1_446' title='bbox 1273 4929 1418 4986; x_wconf 89' lang='lat' dir='ltr'>commisit</span> <span class='ocrx_word' id='word_1_447' title='bbox 1428 4946 1436 4985; x_wconf 75' lang='grc' dir='ltr'><strong><em>ε</em></strong></span> <span class='ocrx_word' id='word_1_448' title='bbox 1445 4929 1505 4985; x_wconf 89' lang='lat' dir='ltr'>suis</span> <span class='ocrx_word' id='word_1_449' title='bbox 1512 4929 1601 4984; x_wconf 90' lang='lat' dir='ltr'>etiam</span> <span class='ocrx_word' id='word_1_450' title='bbox 1613 4925 1759 4999; x_wconf 84' lang='lat' dir='ltr'>discipulis</span> 
     </span>
     <span class='ocr_line' id='line_1_42' title="bbox 51 4998 1758 5087; baseline -0.009 -18"><span class='ocrx_word' id='word_1_451' title='bbox 51 5016 227 5087; x_wconf 85' lang='lat' dir='ltr'>potestatem</span> <span class='ocrx_word' id='word_1_452' title='bbox 240 5012 308 5068; x_wconf 86' lang='lat' dir='ltr'>iecit</span> <span class='ocrx_word' id='word_1_453' title='bbox 320 5027 372 5085; x_wconf 89' lang='lat' dir='ltr'>pro</span> <span class='ocrx_word' id='word_1_454' title='bbox 383 5012 509 5068; x_wconf 90' lang='lat' dir='ltr'>locorum</span> <span class='ocrx_word' id='word_1_455' title='bbox 522 5015 722 5081; x_wconf 83' lang='lat' dir='ltr'>temporumve</span> <span class='ocrx_word' id='word_1_456' title='bbox 736 5005 903 5062; x_wconf 84' lang='lat' dir='ltr'>diversitate</span> <span class='ocrx_word' id='word_1_457' title='bbox 915 5003 1073 5075; x_wconf 88' lang='lat' dir='ltr'>peculiares</span> <span class='ocrx_word' id='word_1_458' title='bbox 1092 5002 1235 5074; x_wconf 83' lang='lat' dir='ltr'>quosdam</span> <span class='ocrx_word' id='word_1_459' title='bbox 1248 5000 1328 5064; x_wconf 89' lang='lat' dir='ltr'>ritus,</span> <span class='ocrx_word' id='word_1_460' title='bbox 1348 5015 1417 5055; x_wconf 88' lang='lat' dir='ltr'>usus</span> <span class='ocrx_word' id='word_1_461' title='bbox 1428 5015 1462 5055; x_wconf 90' lang='lat' dir='ltr'>ac</span> <span class='ocrx_word' id='word_1_462' title='bbox 1478 4998 1699 5055; x_wconf 89' lang='lat' dir='ltr'>eonsuetudines</span> <span class='ocrx_word' id='word_1_463' title='bbox 1713 5012 1758 5054; x_wconf 90' lang='lat' dir='ltr'>su·</span> 
     </span>
     <span class='ocr_line' id='line_1_43' title="bbox 52 5067 1759 5158; baseline -0.01 -18"><span class='ocrx_word' id='word_1_464' title='bbox 52 5084 270 5158; x_wconf 86' lang='lat' dir='ltr'>perinducendi‚</span> <span class='ocrx_word' id='word_1_465' title='bbox 285 5087 316 5138; x_wconf 92' lang='lat' dir='ltr'>ut</span> <span class='ocrx_word' id='word_1_466' title='bbox 330 5099 364 5138; x_wconf 85' lang='lat' dir='ltr'>ex</span> <span class='ocrx_word' id='word_1_467' title='bbox 375 5083 489 5155; x_wconf 78' lang='lat' dir='ltr'>ltsgulre</span> <span class='ocrx_word' id='word_1_468' title='bbox 503 5080 595 5153; x_wconf 90' lang='lat' dir='ltr'>capite</span> <span class='ocrx_word' id='word_1_469' title='bbox 608 5078 710 5134; x_wconf 87' lang='lat' dir='ltr'>ultimo</span> <span class='ocrx_word' id='word_1_470' title='bbox 722 5076 903 5158; x_wconf 87' lang='lat' dir='ltr'>perspicuum</span> <span class='ocrx_word' id='word_1_471' title='bbox 917 5079 969 5130; x_wconf 89' lang='lat' dir='ltr'>est.</span> <span class='ocrx_word' id='word_1_472' title='bbox 993 5073 1087 5130; x_wconf 89' lang='lat' dir='ltr'>Voluit</span> <span class='ocrx_word' id='word_1_473' title='bbox 1101 5079 1199 5130; x_wconf 67' lang='lat' dir='ltr'>umen</span> <span class='ocrx_word' id='word_1_474' title='bbox 1215 5070 1257 5127; x_wconf 85' lang='lat' dir='ltr'>rir</span> <span class='ocrx_word' id='word_1_475' title='bbox 1279 5075 1406 5137; x_wconf 88' lang='lat' dir='ltr'>sanctus,</span> <span class='ocrx_word' id='word_1_476' title='bbox 1430 5074 1463 5126; x_wconf 93' lang='lat' dir='ltr'>ut</span> <span class='ocrx_word' id='word_1_477' title='bbox 1484 5068 1640 5126; x_wconf 87' lang='lat' dir='ltr'>introducti</span> <span class='ocrx_word' id='word_1_478' title='bbox 1667 5067 1759 5126; x_wconf 85' lang='lat' dir='ltr'>semel</span> 
     </span>
     <span class='ocr_line' id='line_1_44' title="bbox 52 5143 1760 5217; baseline -0.01 -5"><span class='ocrx_word' id='word_1_479' title='bbox 52 5172 124 5212; x_wconf 88' lang='lat' dir='ltr'>usus</span> <span class='ocrx_word' id='word_1_480' title='bbox 139 5171 172 5211; x_wconf 87' lang='lat' dir='ltr'>ac</span> <span class='ocrx_word' id='word_1_481' title='bbox 187 5154 301 5210; x_wconf 89' lang='lat' dir='ltr'>ordines</span> <span class='ocrx_word' id='word_1_482' title='bbox 316 5153 391 5209; x_wconf 85' lang='lat' dir='ltr'>firmi</span> <span class='ocrx_word' id='word_1_483' title='bbox 405 5152 522 5209; x_wconf 87' lang='lat' dir='ltr'>stabiles</span> <span class='ocrx_word' id='word_1_484' title='bbox 544 5167 577 5207; x_wconf 93' lang='lat' dir='ltr'>ue</span> <span class='ocrx_word' id='word_1_485' title='bbox 592 5150 621 5206; x_wconf 90' lang='lat' dir='ltr'>in</span> <span class='ocrx_word' id='word_1_486' title='bbox 633 5148 816 5205; x_wconf 86' lang='lat' dir='ltr'>monasteriis</span> <span class='ocrx_word' id='word_1_487' title='bbox 840 5144 1025 5217; x_wconf 87' lang='lat' dir='ltr'>persisterent</span> <span class='ocrx_word' id='word_1_488' title='bbox 1049 5162 1058 5217; x_wconf 89' lang='lat'>;</span> <span class='ocrx_word' id='word_1_489' title='bbox 1077 5145 1252 5216; x_wconf 87' lang='lat' dir='ltr'>quapropter</span> <span class='ocrx_word' id='word_1_490' title='bbox 1265 5158 1327 5215; x_wconf 87' lang='lat' dir='ltr'>cap.</span> <span class='ocrx_word' id='word_1_491' title='bbox 1352 5143 1387 5198; x_wconf 86' lang='grc'>63</span> <span class='ocrx_word' id='word_1_492' title='bbox 1412 5143 1449 5198; x_wconf 89' lang='lat' dir='ltr'>ab</span> <span class='ocrx_word' id='word_1_493' title='bbox 1463 5156 1497 5197; x_wconf 92' lang='lat' dir='ltr'>ec</span> <span class='ocrx_word' id='word_1_494' title='bbox 1512 5143 1629 5197; x_wconf 86' lang='lat' dir='ltr'>cautum</span> <span class='ocrx_word' id='word_1_495' title='bbox 1643 5144 1697 5206; x_wconf 91' lang='lat' dir='ltr'>est,</span> <span class='ocrx_word' id='word_1_496' title='bbox 1722 5155 1760 5196; x_wconf 91' lang='lat' dir='ltr'>na</span> 
     </span>
     <span class='ocr_line' id='line_1_45' title="bbox 51 5211 1760 5297; baseline -0.006 -20"><span class='ocrx_word' id='word_1_497' title='bbox 51 5248 68 5277; x_wconf 76' lang='lat' dir='ltr'>e</span> <span class='ocrx_word' id='word_1_498' title='bbox 85 5225 182 5282; x_wconf 79' lang='lat' dir='ltr'>Abbas</span> <span class='ocrx_word' id='word_1_499' title='bbox 191 5226 342 5281; x_wconf 88' lang='lat' dir='ltr'>conturbet</span> <span class='ocrx_word' id='word_1_500' title='bbox 355 5241 471 5297; x_wconf 79' lang='lat' dir='ltr'>gregem</span> <span class='ocrx_word' id='word_1_501' title='bbox 485 5224 537 5279; x_wconf 83' lang='lat' dir='ltr'>sibi</span> <span class='ocrx_word' id='word_1_502' title='bbox 552 5224 750 5284; x_wconf 87' lang='lat' dir='ltr'>commissum,</span> <span class='ocrx_word' id='word_1_503' title='bbox 766 5233 819 5274; x_wconf 90' lang='lat' dir='ltr'>nec</span> <span class='ocrx_word' id='word_1_504' title='bbox 832 5215 915 5288; x_wconf 88' lang='lat' dir='ltr'>quasi</span> <span class='ocrx_word' id='word_1_505' title='bbox 930 5216 1020 5272; x_wconf 90' lang='lat' dir='ltr'>libera</span> <span class='ocrx_word' id='word_1_506' title='bbox 1035 5219 1116 5271; x_wconf 89' lang='lat' dir='ltr'>utens</span> <span class='ocrx_word' id='word_1_507' title='bbox 1127 5219 1277 5286; x_wconf 87' lang='lat' dir='ltr'>potestate,</span> <span class='ocrx_word' id='word_1_508' title='bbox 1286 5213 1393 5287; x_wconf 90' lang='lat' dir='ltr'>injuste</span> <span class='ocrx_word' id='word_1_509' title='bbox 1405 5213 1538 5284; x_wconf 89' lang='lat' dir='ltr'>disponat</span> <span class='ocrx_word' id='word_1_510' title='bbox 1551 5211 1660 5284; x_wconf 86' lang='lat' dir='ltr'>aliquid</span> <span class='ocrx_word' id='word_1_511' title='bbox 1669 5211 1760 5269; x_wconf 84' lang='lat' dir='ltr'>...sed</span> 
     </span>
     <span class='ocr_line' id='line_1_46' title="bbox 51 5283 1758 5367; baseline -0.009 -13"><span class='ocrx_word' id='word_1_512' title='bbox 51 5298 213 5354; x_wconf 91' lang='lat' dir='ltr'>secundum</span> <span class='ocrx_word' id='word_1_513' title='bbox 227 5296 341 5352; x_wconf 85' lang='lat' dir='ltr'>ordines</span> <span class='ocrx_word' id='word_1_514' title='bbox 351 5311 422 5367; x_wconf 90' lang='lat' dir='ltr'>quos</span> <span class='ocrx_word' id='word_1_515' title='bbox 436 5292 625 5358; x_wconf 87' lang='lat' dir='ltr'>constituerit,</span> <span class='ocrx_word' id='word_1_516' title='bbox 641 5291 686 5348; x_wconf 86' lang='lat' dir='ltr'>vel</span> <span class='ocrx_word' id='word_1_517' title='bbox 703 5306 774 5363; x_wconf 90' lang='lat' dir='ltr'>quos</span> <span class='ocrx_word' id='word_1_518' title='bbox 790 5287 942 5344; x_wconf 90' lang='lat' dir='ltr'>habuerint</span> <span class='ocrx_word' id='word_1_519' title='bbox 955 5287 1008 5359; x_wconf 88' lang='lat' dir='ltr'>ipsi</span> <span class='ocrx_word' id='word_1_520' title='bbox 1024 5286 1136 5352; x_wconf 83' lang='lat' dir='ltr'>iratres,</span> <span class='ocrx_word' id='word_1_521' title='bbox 1153 5284 1194 5342; x_wconf 89' lang='lat' dir='ltr'>sic</span> <span class='ocrx_word' id='word_1_522' title='bbox 1215 5285 1353 5340; x_wconf 89' lang='lat' dir='ltr'>accedant</span> <span class='ocrx_word' id='word_1_523' title='bbox 1365 5284 1403 5339; x_wconf 88' lang='lat' dir='ltr'>ad</span> <span class='ocrx_word' id='word_1_524' title='bbox 1424 5286 1537 5349; x_wconf 82' lang='lat' dir='ltr'>Pacem,</span> <span class='ocrx_word' id='word_1_525' title='bbox 1559 5286 1596 5340; x_wconf 91' lang='lat' dir='ltr'>ad</span> <span class='ocrx_word' id='word_1_526' title='bbox 1622 5283 1758 5340; x_wconf 89' lang='lat' dir='ltr'>commu-</span> 
     </span>
     <span class='ocr_line' id='line_1_47' title="bbox 52 5354 1760 5438; baseline -0.011 -12"><span class='ocrx_word' id='word_1_527' title='bbox 52 5367 185 5432; x_wconf 91' lang='lat' dir='ltr'>nionem,</span> <span class='ocrx_word' id='word_1_528' title='bbox 198 5367 235 5423; x_wconf 92' lang='lat' dir='ltr'>ad</span> <span class='ocrx_word' id='word_1_529' title='bbox 245 5367 393 5424; x_wconf 85' lang='lat' dir='ltr'>Psaimuin</span> <span class='ocrx_word' id='word_1_530' title='bbox 406 5367 622 5438; x_wconf 84' lang='lat' dir='ltr'>imponendum.</span> <span class='ocrx_word' id='word_1_531' title='bbox 635 5362 664 5418; x_wconf 90' lang='lat' dir='ltr'>iu</span> <span class='ocrx_word' id='word_1_532' title='bbox 678 5363 765 5417; x_wconf 88' lang='lat' dir='ltr'>choro</span> <span class='ocrx_word' id='word_1_533' title='bbox 776 5360 924 5426; x_wconf 60' lang='lat' dir='ltr'>eundum,</span> <span class='ocrx_word' id='word_1_534' title='bbox 940 5363 969 5414; x_wconf 93' lang='lat' dir='ltr'>et</span> <span class='ocrx_word' id='word_1_535' title='bbox 987 5357 1016 5412; x_wconf 91' lang='lat' dir='ltr'>in</span> <span class='ocrx_word' id='word_1_536' title='bbox 1029 5357 1161 5413; x_wconf 91' lang='lat' dir='ltr'>omnibus</span> <span class='ocrx_word' id='word_1_537' title='bbox 1175 5354 1295 5412; x_wconf 89' lang='lat' dir='ltr'>omnino</span> <span class='ocrx_word' id='word_1_538' title='bbox 1322 5355 1392 5410; x_wconf 88' lang='lat' dir='ltr'>locis</span> <span class='ocrx_word' id='word_1_539' title='bbox 1406 5358 1479 5410; x_wconf 86' lang='lat' dir='ltr'>aetas</span> <span class='ocrx_word' id='word_1_540' title='bbox 1499 5370 1557 5410; x_wconf 93' lang='lat' dir='ltr'>non</span> <span class='ocrx_word' id='word_1_541' title='bbox 1580 5355 1760 5411; x_wconf 88' lang='lat' dir='ltr'>discernetur</span> 
     </span>
     <span class='ocr_line' id='line_1_48' title="bbox 50 5424 1759 5509; baseline -0.011 -13"><span class='ocrx_word' id='word_1_542' title='bbox 50 5439 86 5497; x_wconf 91' lang='lat' dir='ltr'>in</span> <span class='ocrx_word' id='word_1_543' title='bbox 98 5438 210 5507; x_wconf 86' lang='lat' dir='ltr'>ordine,</span> <span class='ocrx_word' id='word_1_544' title='bbox 223 5453 277 5494; x_wconf 89' lang='lat' dir='ltr'>nec</span> <span class='ocrx_word' id='word_1_545' title='bbox 289 5437 466 5509; x_wconf 77' lang='lat' dir='ltr'>prejudicat,</span> <span class='ocrx_word' id='word_1_546' title='bbox 478 5441 532 5492; x_wconf 87' lang='lat' dir='ltr'>etc.</span> <span class='ocrx_word' id='word_1_547' title='bbox 547 5455 562 5488; x_wconf 78' lang='lat' dir='ltr'>s</span> <span class='ocrx_word' id='word_1_548' title='bbox 576 5437 670 5501; x_wconf 82' lang='lat' dir='ltr'>Quare</span> <span class='ocrx_word' id='word_1_549' title='bbox 682 5433 801 5488; x_wconf 90' lang='lat' dir='ltr'>dubium</span> <span class='ocrx_word' id='word_1_550' title='bbox 816 5446 874 5486; x_wconf 93' lang='lat' dir='ltr'>non</span> <span class='ocrx_word' id='word_1_551' title='bbox 889 5434 933 5486; x_wconf 91' lang='lat' dir='ltr'>est</span> <span class='ocrx_word' id='word_1_552' title='bbox 944 5428 1014 5500; x_wconf 87' lang='lat' dir='ltr'>quin</span> <span class='ocrx_word' id='word_1_553' title='bbox 1028 5428 1128 5500; x_wconf 89' lang='lat' dir='ltr'>primis</span> <span class='ocrx_word' id='word_1_554' title='bbox 1142 5427 1242 5483; x_wconf 93' lang='lat' dir='ltr'>stetim</span> <span class='ocrx_word' id='word_1_555' title='bbox 1253 5425 1310 5481; x_wconf 92' lang='lat' dir='ltr'>illis</span> <span class='ocrx_word' id='word_1_556' title='bbox 1324 5441 1342 5480; x_wconf 91' lang='lat' dir='ltr'>a</span> <span class='ocrx_word' id='word_1_557' title='bbox 1354 5427 1384 5482; x_wconf 82' lang='lat' dir='ltr'>S.</span> <span class='ocrx_word' id='word_1_558' title='bbox 1411 5426 1569 5483; x_wconf 89' lang='lat' dir='ltr'>Benedieto</span> <span class='ocrx_word' id='word_1_559' title='bbox 1581 5424 1759 5498; x_wconf 86' lang='lat' dir='ltr'>temporibus</span> 
     </span>
     <span class='ocr_line' id='line_1_49' title="bbox 51 5493 1760 5584; baseline -0.011 -17"><span class='ocrx_word' id='word_1_560' title='bbox 51 5513 162 5584; x_wconf 74' lang='lat' dir='ltr'>prater</span> <span class='ocrx_word' id='word_1_561' title='bbox 177 5508 289 5582; x_wconf 78' lang='lat' dir='ltr'>[tegulae</span> <span class='ocrx_word' id='word_1_562' title='bbox 310 5512 450 5581; x_wconf 77' lang='lat' dir='ltr'>precepta</span> <span class='ocrx_word' id='word_1_563' title='bbox 472 5506 618 5579; x_wconf 88' lang='lat' dir='ltr'>peculares</span> <span class='ocrx_word' id='word_1_564' title='bbox 634 5504 754 5576; x_wconf 88' lang='lat' dir='ltr'>quidam</span> <span class='ocrx_word' id='word_1_565' title='bbox 769 5501 909 5575; x_wconf 88' lang='lat' dir='ltr'>patriique</span> <span class='ocrx_word' id='word_1_566' title='bbox 921 5501 993 5555; x_wconf 89' lang='lat' dir='ltr'>ritus</span> <span class='ocrx_word' id='word_1_567' title='bbox 1014 5514 1062 5555; x_wconf 93' lang='lat' dir='ltr'>seu</span> <span class='ocrx_word' id='word_1_568' title='bbox 1076 5514 1143 5554; x_wconf 88' lang='lat' dir='ltr'>usus</span> <span class='ocrx_word' id='word_1_569' title='bbox 1165 5496 1261 5554; x_wconf 90' lang='lat' dir='ltr'>casini</span> <span class='ocrx_word' id='word_1_570' title='bbox 1275 5495 1334 5552; x_wconf 90' lang='lat' dir='ltr'>sint</span> <span class='ocrx_word' id='word_1_571' title='bbox 1358 5495 1493 5565; x_wconf 87' lang='lat' dir='ltr'>instituti,</span> <span class='ocrx_word' id='word_1_572' title='bbox 1508 5496 1537 5551; x_wconf 92' lang='lat' dir='ltr'>in</span> <span class='ocrx_word' id='word_1_573' title='bbox 1573 5496 1655 5552; x_wconf 89' lang='lat' dir='ltr'>uibus</span> <span class='ocrx_word' id='word_1_574' title='bbox 1676 5493 1760 5550; x_wconf 89' lang='lat' dir='ltr'>disci·</span> 
     </span>
    </p>

    <p class='ocr_par' dir='ltr' id='par_1_12' title="bbox 51 5564 1773 5806">
     <span class='ocr_line' id='line_1_50' title="bbox 73 5564 1764 5650; baseline -0.009 -14"><span class='ocrx_word' id='word_1_575' title='bbox 73 5581 136 5636; x_wconf 90' lang='lat' dir='ltr'>tina</span> <span class='ocrx_word' id='word_1_576' title='bbox 149 5578 312 5637; x_wconf 88' lang='lat' dir='ltr'>Casinensis</span> <span class='ocrx_word' id='word_1_577' title='bbox 330 5579 433 5650; x_wconf 86' lang='lat' dir='ltr'>scripto</span> <span class='ocrx_word' id='word_1_578' title='bbox 446 5578 552 5633; x_wconf 85' lang='lat' dir='ltr'>tradite</span> <span class='ocrx_word' id='word_1_579' title='bbox 564 5577 619 5632; x_wconf 88' lang='lat' dir='ltr'>tuit</span> <span class='ocrx_word' id='word_1_580' title='bbox 630 5577 669 5633; x_wconf 89' lang='lat' dir='ltr'>ed</span> <span class='ocrx_word' id='word_1_581' title='bbox 682 5580 811 5648; x_wconf 84' lang='lat' dir='ltr'>posteros</span> <span class='ocrx_word' id='word_1_582' title='bbox 826 5570 1061 5628; x_wconf 86' lang='lat' dir='ltr'>transmittenda.</span> <span class='ocrx_word' id='word_1_583' title='bbox 1078 5569 1167 5648; x_wconf 75' lang='lat' dir='ltr'>ituJ&#39;us</span> <span class='ocrx_word' id='word_1_584' title='bbox 1181 5567 1223 5624; x_wconf 88' lang='lat' dir='ltr'>rei</span> <span class='ocrx_word' id='word_1_585' title='bbox 1238 5567 1383 5640; x_wconf 89' lang='lat' dir='ltr'>specimen</span> <span class='ocrx_word' id='word_1_586' title='bbox 1406 5566 1503 5623; x_wconf 80' lang='lat' dir='ltr'>sidere</span> <span class='ocrx_word' id='word_1_587' title='bbox 1516 5566 1557 5621; x_wconf 93' lang='lat' dir='ltr'>mi</span> <span class='ocrx_word' id='word_1_588' title='bbox 1581 5565 1587 5579; x_wconf 90' lang='lat'>&#39;</span> <span class='ocrx_word' id='word_1_589' title='bbox 1615 5565 1716 5624; x_wconf 80' lang='lat' dir='ltr'>videor</span> <span class='ocrx_word' id='word_1_590' title='bbox 1730 5564 1764 5620; x_wconf 90' lang='lat' dir='ltr'>iu</span> 
     </span>
     <span class='ocr_line' id='line_1_51' title="bbox 52 5601 1763 5722; baseline -0.011 -12"><span class='ocrx_word' id='word_1_591' title='bbox 52 5601 134 5710; x_wconf 52' lang='grc' dir='ltr'>βαιά</span> <span class='ocrx_word' id='word_1_592' title='bbox 146 5650 264 5709; x_wconf 87' lang='lat' dir='ltr'>Diaconi</span> <span class='ocrx_word' id='word_1_593' title='bbox 278 5648 573 5708; x_wconf 77' lang='lat' dir='ltr'>commentationibus</span> <span class='ocrx_word' id='word_1_594' title='bbox 585 5646 733 5704; x_wconf 87' lang='lat' dir='ltr'>anecdotis</span> <span class='ocrx_word' id='word_1_595' title='bbox 746 5646 775 5702; x_wconf 94' lang='lat' dir='ltr'>in</span> <span class='ocrx_word' id='word_1_596' title='bbox 790 5641 921 5717; x_wconf 74' lang='lat' dir='ltr'>regulam</span> <span class='ocrx_word' id='word_1_597' title='bbox 934 5643 963 5698; x_wconf 86' lang='lat' dir='ltr'>S.</span> <span class='ocrx_word' id='word_1_598' title='bbox 982 5639 1137 5706; x_wconf 84' lang='lat' dir='ltr'>Benedicti,</span> <span class='ocrx_word' id='word_1_599' title='bbox 1151 5654 1273 5711; x_wconf 89' lang='lat' dir='ltr'>quarum</span> <span class='ocrx_word' id='word_1_600' title='bbox 1287 5638 1452 5722; x_wconf 84' lang='lat' dir='ltr'>exemptum</span> <span class='ocrx_word' id='word_1_601' title='bbox 1465 5638 1503 5694; x_wconf 91' lang='lat' dir='ltr'>ad</span> <span class='ocrx_word' id='word_1_602' title='bbox 1528 5637 1617 5694; x_wconf 89' lang='lat' dir='ltr'>tidem</span> <span class='ocrx_word' id='word_1_603' title='bbox 1629 5640 1763 5707; x_wconf 72' lang='lat' dir='ltr'>autogra-</span> 
     </span>
     <span class='ocr_line' id='line_1_52' title="bbox 51 5703 1773 5806; baseline -0.01 -25"><span class='ocrx_word' id='word_1_604' title='bbox 51 5723 104 5800; x_wconf 89' lang='lat' dir='ltr'>phi</span> <span class='ocrx_word' id='word_1_605' title='bbox 116 5727 250 5780; x_wconf 85' lang='lat' dir='ltr'>exactum</span> <span class='ocrx_word' id='word_1_606' title='bbox 264 5725 342 5780; x_wconf 75' lang='lat' dir='ltr'>&#39;ante</span> <span class='ocrx_word' id='word_1_607' title='bbox 355 5721 466 5806; x_wconf 70' lang='lat' dir='ltr'>aliquot</span> <span class='ocrx_word' id='word_1_608' title='bbox 491 5735 583 5777; x_wconf 90' lang='lat' dir='ltr'>annos</span> <span class='ocrx_word' id='word_1_609' title='bbox 600 5717 643 5776; x_wconf 81' lang='lat' dir='ltr'>vir</span> <span class='ocrx_word' id='word_1_610' title='bbox 665 5718 720 5792; x_wconf 82' lang='lat' dir='ltr'>pia</span> <span class='ocrx_word' id='word_1_611' title='bbox 740 5714 889 5774; x_wconf 84' lang='lat' dir='ltr'>memoriae</span> <span class='ocrx_word' id='word_1_612' title='bbox 900 5713 1018 5770; x_wconf 71' lang='lat' dir='ltr'>archan</span> <span class='ocrx_word' id='word_1_613' title='bbox 1038 5712 1099 5769; x_wconf 91' lang='lat' dir='ltr'>elus</span> <span class='ocrx_word' id='word_1_614' title='bbox 1114 5709 1301 5768; x_wconf 76' lang='lat' dir='ltr'>brancaccius</span> <span class='ocrx_word' id='word_1_615' title='bbox 1314 5708 1478 5768; x_wconf 86' lang='lat' dir='ltr'>Casinensis</span> <span class='ocrx_word' id='word_1_616' title='bbox 1504 5708 1593 5765; x_wconf 91' lang='lat' dir='ltr'>abhas</span> <span class='ocrx_word' id='word_1_617' title='bbox 1607 5708 1645 5764; x_wconf 91' lang='lat' dir='ltr'>ad</span> <span class='ocrx_word' id='word_1_618' title='bbox 1659 5721 1706 5762; x_wconf 89' lang='lat' dir='ltr'>me</span> <span class='ocrx_word' id='word_1_619' title='bbox 1720 5703 1773 5764; x_wconf 38' lang='lat' dir='ltr'>(ii-1</span> 
     </span>
    </p>
   </div>
   <div class='ocr_carea' id='block_1_11' title="bbox 52 5773 1764 5872">
    <p class='ocr_par' dir='ltr' id='par_1_13' title="bbox 52 5773 1764 5872">
     <span class='ocr_line' id='line_1_53' title="bbox 52 5773 1764 5872; baseline -0.014 -15"><span class='ocrx_word' id='word_1_620' title='bbox 52 5793 139 5864; x_wconf 76' lang='lat' dir='ltr'>rexit</span> <span class='ocrx_word' id='word_1_621' title='bbox 155 5796 255 5858; x_wconf 79' lang='lat' dir='ltr'>Petras</span> <span class='ocrx_word' id='word_1_622' title='bbox 270 5801 396 5872; x_wconf 80' lang='lat' dir='ltr'>namque</span> <span class='ocrx_word' id='word_1_623' title='bbox 409 5790 604 5853; x_wconf 81' lang='lat' dir='ltr'>rnsdausuta</span> <span class='ocrx_word' id='word_1_624' title='bbox 623 5789 740 5864; x_wconf 74' lang='lat' dir='ltr'>brevi.»</span> <span class='ocrx_word' id='word_1_625' title='bbox 755 5791 788 5848; x_wconf 87' lang='lat' dir='ltr'>ut</span> <span class='ocrx_word' id='word_1_626' title='bbox 806 5788 899 5860; x_wconf 82' lang='lat' dir='ltr'>sucat,</span> <span class='ocrx_word' id='word_1_627' title='bbox 914 5783 998 5846; x_wconf 82' lang='lat' dir='ltr'>dicta</span> <span class='ocrx_word' id='word_1_628' title='bbox 1052 5780 1272 5845; x_wconf 84' lang='lat' dir='ltr'>mmsutatioais</span> <span class='ocrx_word' id='word_1_629' title='bbox 1290 5795 1352 5842; x_wconf 81' lang='lat' dir='ltr'>sue</span> <span class='ocrx_word' id='word_1_630' title='bbox 1365 5777 1592 5844; x_wconf 76' lang='lat' dir='ltr'>conmotudinss</span> <span class='ocrx_word' id='word_1_631' title='bbox 1603 5773 1764 5862; x_wconf 66' lang='lat' dir='ltr'>sttudicla,</span> 
     </span>
    </p>
   </div>
   <div class='ocr_carea' id='block_1_12' title="bbox 0 0 1946 6050">
    <p class='ocr_par' dir='ltr' id='par_1_14' title="bbox 0 0 1946 6050">
     <span class='ocr_line' id='line_1_54' title="bbox 0 0 1946 6050; baseline 0 1"><span class='ocrx_word' id='word_1_632' title='bbox 0 0 1946 6050; x_wconf 95' lang='lat' dir='ltr'> </span> 
     </span>
    </p>
   </div>
  </div>
 </body>
</html>
