3884 6050
106 225 189 286 {073
611 226 658 288 ult
678 224 775 288 outo
795 224 842 286 ΕΤ
861 220 973 285 outre
992 221 1185 287 sustollunt
1205 216 1324 289 caud.
1725 230 1819 303 dett

105 360 211 430 agent,
225 354 390 431 nbiegaut,
405 357 977 434 quandoagenaqutdagsnt.1nsexut
992 358 1203 432 eeutoparius,
1226 376 1347 421 morum
1362 359 1518 434 gravitate,
1533 356 1596 421 vita
1610 358 1817 436 praerogativa,

103 444 207 519 itaque
219 446 325 520 primis
339 447 375 504 de
387 448 560 506 bominibus
574 448 694 521 scripsit
707 468 715 518 ;
740 449 770 505 in
785 446 936 509 secundas
993 446 1194 523 virtutumque
1204 448 1312 523 jubare
1326 466 1525 519 coruscasse
1545 450 1733 524 potissimum
1746 455 1819 508 tem·

105 550 160 591 sen
171 535 474 604 delecis;sextertios
486 538 524 596 de
538 537 720 611 temporibus
729 556 738 610 ;
751 553 803 594 sex
813 540 935 610 quartos
991 554 1064 613 pore
1077 539 1254 598 Casiniensis
1269 540 1404 599 Ecclesia
1425 540 1558 616 pontifex
1577 539 1733 614 splenduit,
1756 556 1818 615 quo

103 623 292 698 eosdemque
304 632 467 698 postremos
481 626 519 684 de
528 627 618 684 rebus
630 627 936 693 absolvitouaterau-
989 629 1118 702 oequitas
1128 629 1168 687 ab
1181 630 1333 703 iniustitia,
1345 631 1439 705 pietas
1452 631 1490 689 ab
1500 630 1662 704 impietate,
1685 645 1818 687 mansue-

104 715 167 768 tem
184 714 260 775 seni.
273 713 378 785 viginti
390 721 418 773 et
429 720 556 788 quatuor
569 719 650 773 sunt.
665 714 721 773 Sed
735 730 828 771 unum
837 714 936 784 singu·
959 712 968 730 ⁰
991 717 1064 775 tudo
1078 733 1097 775 e
1111 720 1279 790 severitate,
1291 720 1445 779 catholice
1459 725 1488 778 et
1498 717 1669 794 apostolieae
1683 717 1815 775 Eceiasia

104 800 464 875 laremquieommuuiter
474 804 553 876 prius
562 803 933 876 deomnibusloqueretur,
990 811 1084 865 status
1094 807 1150 865 sub
1160 809 1443 869 nefandissimorum
1468 810 1659 873 arianorum,
1669 808 1816 877 Nestoriu-

103 889 138 947 iu
151 890 248 963 capite
261 892 373 964 posuit.
385 893 417 948 ln
432 892 541 950 divinis
554 892 657 950 itidem
676 893 767 950 rebus
780 892 887 949 eadem
897 890 934 949 ab
988 911 1109 965 norum,
1120 892 1817 966 Manichaeorumciroumeellionum,Priscillia-

102 979 157 1038 illo
171 980 327 1037 divisionis
337 981 433 1039 torma
444 988 563 1040 seruata
572 987 630 1039 est.
645 984 796 1049 Quantum
810 997 882 1039 vero
892 986 934 1039 at·
988 985 1135 1043 nistarum
1150 1003 1185 1044 ac
1200 988 1425 1047 Donatistarum
1439 987 1604 1046 fluctuabat
1614 984 1747 1047 vesania.
1765 984 1816 1049 llio

103 1068 180 1126 tinet
188 1069 227 1126 ad
241 1084 278 1126 ea
292 1086 359 1144 quse
373 1071 430 1128 diis
439 1071 683 1130 exbibendasunt
696 1072 733 1130 ab
745 1069 932 1138 bominibus,
989 1073 1089 1147 itaque
1103 1076 1211 1133 teneris
1225 1076 1326 1134 adbuc
1344 1077 1523 1136 consututus
1536 1075 1715 1148 temporibus
1738 1071 1814 1148 peri·

102 1157 229 1226 inlocis,
245 1160 445 1234 temporibus,
464 1166 493 1219 et
504 1161 607 1231 meris,
621 1161 686 1218 hee
699 1165 830 1234 quatuor
850 1158 932 1217 libris
987 1166 1056 1220 tura
1065 1163 1178 1236 gaudia
1191 1165 1298 1223 muudi
1317 1165 1380 1222 ioto
1395 1165 1504 1225 mentis
1515 1169 1710 1223 contemnens
1724 1176 1813 1221 cona·

102 1247 280 1321 complexus
295 1255 340 1307 est
351 1251 462 1307 ternis:
478 1265 550 1307 nam
559 1256 618 1310 tres
628 1251 742 1323 priores
751 1249 790 1306 de
803 1248 933 1305 homini·
987 1252 1079 1322 mine,
1094 1252 1225 1311 almifico
1234 1253 1513 1327 Flaminitemplum
1523 1254 1553 1310 iu
1568 1253 1729 1326 semetipso
1742 1267 1813 1311 eon·

100 1333 163 1392 bus
172 1336 298 1411 scripsit,
315 1343 471 1412 sequentes
483 1340 521 1397 de
535 1340 620 1411 locis,
630 1340 732 1397 tereos
745 1338 783 1396 de
797 1337 932 1411 tempori·
986 1344 1099 1397 struere
1113 1341 1225 1399 viribus
1253 1342 1409 1413 sategebat
1436 1340 1629 1400 omnimodis.
1644 1344 1719 1407 ,Erat
1733 1339 1814 1403 enim

102 1425 174 1496 bus,
184 1434 308 1500 quartos
317 1430 355 1487 de
366 1431 459 1488 sacris
469 1450 475 1489 :
486 1430 576 1489 etiam
587 1431 617 1488 bi
632 1430 686 1505 qui
695 1429 864 1495 exhibeant,
879 1427 931 1487 ubi
986 1429 1119 1488 castitate
1127 1429 1630 1504 perspicuus,sauetitetemirabilis,
1638 1444 1812 1503 pauperum,

100 1516 401 1592 exhibeantquando
413 1520 583 1587 exhibeant,
591 1520 664 1594 quid
675 1519 848 1583 exhibeant,
863 1515 930 1572 sub
962 1554 965 1559 -
985 1517 1401 1593 viduarumacorpbenorum
1415 1524 1496 1577 tutor.
1513 1518 1697 1594 precipuus.
1728 1516 1811 1577 Unde

99 1603 437 1666 tilissimadistiuctione
452 1609 680 1666 commendans.
696 1607 777 1665 Alios
792 1622 862 1664 vero
871 1609 930 1662 tres
990 1605 1037 1665 his
1051 1607 1180 1683 aliisque
1189 1609 1343 1666 virtutibus
1356 1609 1421 1667 luce
1432 1608 1541 1666 elsruis
1559 1608 1694 1676 rutilans,
1716 1622 1812 1680 usque

99 1691 191 1750 libros
205 1697 378 1769 conseripsit
394 1703 552 1766 extremos,
569 1702 624 1755 ete.
933 1714 968 1774 ,Β
986 1695 1063 1754 adeo
1072 1697 1181 1755 obsim
1193 1713 1229 1755 ee
1242 1697 1601 1757 admirabilishabebatur
1611 1697 1809 1769 abomnibus,

139 1785 317 1843 Hortatore
329 1789 492 1853 mutilari,-
505 1788 637 1861 loquitur
656 1788 732 1844 mim
757 1785 792 1842 dc
806 1784 930 1858 reliquis
985 1791 1017 1843 ut
1030 1786 1245 1860 hunopatrem,
1261 1786 1343 1845 bunc
1354 1786 1525 1855 domiuum,
1552 1786 1645 1856 hunc,
1660 1789 1731 1860 post
1751 1784 1811 1860 epi-

100 1871 163 1944 ejas
176 1875 315 1946 operibus
328 1877 410 1933 nimis
420 1877 526 1949 diffuse
538 1880 605 1952 (77).
985 1876 1070 1950 scopi
1086 1876 1252 1944 transitum,
1264 1875 1538 1950 sperareuthabere
1548 1873 1812 1949 pontlileemlnter

72 2072 74 2075 ·
98 2050 129 2107 in
145 2059 278 2110 nostram
295 2052 399 2111 urbem
409 2054 630 2127 peregrinantes
642 2058 847 2126 errantesque,
864 2056 928 2110 tan·
984 2051 1079 2111 tuerat
1087 2053 1246 2123 gretia,sie
1262 2052 1344 2121 fidei,
1357 2052 1421 2125 spei
1436 2049 1727 2115 charitatisveluerat
1744 2065 1811 2119 mu·

97 2140 347 2215 quamhospites,
363 2144 404 2199 tui
415 2143 482 2199 libri
497 2145 586 2217 quasi
600 2143 726 2201 domum
735 2143 927 2210 reduxerunt,
982 2140 1060 2197 nilus
1069 2139 1240 2210 virtutibus,
1250 2147 1284 2199 ut
1292 2141 1434 2199 omuibus
1441 2139 1808 2213 taeileioretperspieuum

97 2232 133 2284 ut
144 2243 303 2301 possemus
317 2230 482 2303 aliquando
494 2232 546 2305 qui
563 2235 590 2289 et
610 2231 661 2289 ubi
690 2246 825 2288 essemus
836 2246 927 2303 agno·
981 2229 1057 2303 quid
1067 2230 1188 2288 honoris
1201 2230 1233 2288 in
1247 2231 1353 2304 sejam
1371 2231 1500 2289 Severus
1526 2228 1725 2303 portenderet.
1749 2225 1810 2297 leli

97 2318 243 2373 scerelu
255 2324 372 2375 ιειειειε
386 2320 498 2392 patria,
527 2326 558 2377 tu
584 2319 800 2393 descriptiones
813 2324 926 2393 tempo·
981 2316 1071 2389 igitur
1082 2320 1188 2381 ordine
1196 2318 1303 2394 puerili
1312 2323 1461 2379 hansaeta
1469 2321 1601 2384 alateut
1610 2315 1809 2390 Pythagoricae

97 2420 179 2473 rum,
188 2411 220 2463 ιιι
233 2423 389 2465 sacrorum
397 2409 474 2481 jura,
488 2414 519 2468 tu
529 2410 732 2479 sacerdotum,
741 2415 773 2466 tu
785 2408 927 2467 domesti·
979 2407 1084 2466 litteras
1097 2408 1282 2483 pervenitad
1296 2408 1424 2477 bivium,
1444 2406 1562 2483 qualem
1572 2410 1753 2479 quantumve
1766 2403 1809 2465 di·

96 2496 924 2572 eam,tupublicamdisciplinam,tusedium,regiouum‚
980 2498 1174 2557 vinatavente
1192 2497 1352 2557 clementia
1371 2513 1437 2557 sese
1451 2495 1629 2571 praestiterit,
1658 2494 1809 2569 sequentis

97 2582 243 2657 locorum,
259 2589 291 2643 tu
305 2588 442 2644 omnium
461 2588 630 2647 divinarum
661 2588 925 2661 humanarumque
978 2586 1110 2645 historiae
1124 2586 1448 2645 declarabitteruula.
1463 2586 1503 2643 ue
1518 2591 1625 2642 caetero
1648 2598 1720 2640 vero
1746 2598 1808 2656 qpo

94 2688 196 2731 rerum
207 2675 342 2741 nomina,
354 2692 474 2748 genera,
489 2693 598 2734 causas
612 2677 764 2751 aperuisti.
979 2680 1144 2748 pastaque
1155 2675 1261 2735 ordine
1274 2675 1315 2734 ed
1328 2674 1500 2749 episcopale
1514 2672 1668 2745 tastigium
1683 2670 1807 2742 venerit,

133 2763 194 2820 'l‘eli
204 2762 294 2835 igitur
308 2770 427 2824 auctore
446 2766 616 2841 talibusque
631 2767 739 2825 studiis
753 2764 925 2823 casinensis
978 2764 1109 2823 breviter
1121 2763 1282 2838 prolibare
1292 2764 1462 2837 aggrediar.

96 2851 201 2910 civitas
213 2854 378 2928 antiquitus
393 2855 431 2913 ab
446 2855 512 2929 ipsu
522 2873 584 2914 suar
597 2856 823 2915 constructionis
838 2869 925 2912 exor·
1015 2856 1137 2913 Faotum
1149 2853 1290 2925 estigitur
1305 2852 1530 2926 utsupradietae
1545 2850 1671 2911 civitatis
1682 2848 1805 2909 antistes

95 2941 925 3018 diosplenduitaeeminentissimeviguit.Tribusnemque
979 2940 1805 3019 debitumnaturapersolvensadsuperntebeatitudiois

94 3032 270 3090 nominibus
284 3032 357 3091 olim
369 3034 449 3092 dicta
468 3041 522 3103 est,
547 3035 631 3109 prius
650 3036 800 3104 Heraclea,
816 3033 925 3092 deinde
939 3078 963 3144 c
980 3037 1105 3110 patriam
1118 3034 1328 3093 remunerandi
1339 3034 1436 3106 gratia
1454 3036 1609 3090 vocaretur
1635 3030 1804 3092 aDemiuo.

96 3123 205 3179 Forum
225 3128 322 3191 vetus,
337 3129 490 3198 postremo
502 3125 660 3199 Samnites,
676 3128 733 3185 orti
754 3142 772 3184 a
792 3125 923 3192 Sabinis,
980 3119 1806 3196 SanotadasinensisEcclesiapsstorisdestitutasoletio,

94 3211 234 3269 eumdem
244 3210 469 3272 loeumaCesea
479 3216 664 3290 appellavere
671 3219 811 3275 casinum
822 3231 925 3275 :casea
979 3215 1102 3274 viduata
1118 3215 1267 3273 remansit.
1277 3214 1386 3271 Verum
1399 3211 1471 3287 quia
1487 3212 1551 3270 sine
1575 3217 1689 3269 rectore
1702 3207 1808 3282 Christi

94 3302 175 3359 euim
187 3302 348 3375 antiquitus
358 3303 515 3362 dicebatur
528 3306 670 3364 vetustior
694 3322 751 3363 res.
769 3305 826 3364 Sed
854 3321 924 3363 eum
980 3303 1228 3364 Ecclesiadiutius
1246 3318 1313 3362 esse
1332 3317 1393 3360 non
1405 3305 1532 3376 poterat,
1546 3298 1724 3358 tumulorum
1738 3313 1806 3356 sue·

94 3389 222 3448 caelestis
243 3393 431 3464 Imperatoris
445 3395 586 3462 Verbum,
608 3396 701 3454 virtus
716 3400 745 3453 et
766 3394 923 3469 sapientia,
978 3411 1046 3454 rum
1054 3388 1630 3457 tandemdolensincommediaeousilio
1640 3388 1808 3454 adinvicem

95 3478 227 3537 Christos
235 3480 400 3539 censuisset
413 3481 453 3539 ad
467 3499 543 3540 rere
558 3483 713 3558 sapientie
726 3483 924 3557 gymnasium
979 3485 1093 3556 habite,
1106 3483 1313 3542 beatissimum
1325 3481 1431 3539 christi
1442 3479 1589 3538 ramulum
1598 3481 1808 3542 Severumpm·

93 3573 216 3633 vertere,
226 3568 305 3625 duos
320 3569 346 3626 ei
362 3570 429 3628 urbi
449 3572 578 3631 destinat
596 3573 754 3646 principes
767 3589 821 3647 per
847 3588 924 3646 quos
979 3590 1032 3634 nes
1043 3573 1224 3634 unanimiter
1237 3572 1389 3644 elegerunt
1403 3570 1576 3630 antistitem.
1587 3568 1674 3635 Quod
1688 3565 1808 3626 eumvir

95 3655 176 3713 orbis
189 3656 272 3714 fleret
280 3658 442 3730 speculum,
456 3661 570 3718 etheris
592 3662 733 3735 dignitas,
744 3661 818 3734 legis
840 3661 924 3731 latio,
979 3660 1383 3733 Dominibumilitatisgratie
1395 3658 1486 3717 nollet
1504 3658 1667 3731 suscipere,
1682 3654 1805 3714 aiebat:

95 3745 924 3824 aequitatisetreligionianorma,ria,tempium,thronus·
981 3743 1806 3826 sNonperspicio,dilectissimilratres,hisruevirtutibus

96 3849 152 3906 que
160 3834 289 3908 piorum.
301 3838 354 3893 Per
365 3836 422 3893 hos
436 3838 628 3912 siquidemab
636 3839 745 3897 eodem
752 3838 819 3896 loeo
829 3838 924 3895 elimi-
978 3840 1164 3906 adornatum,
1182 3838 1287 3912 quibus
1297 3836 1399 3895 divina
1413 3835 1571 3894 elementia
1590 3832 1695 3891 florere
1706 3830 1807 3892 borta-

95 3926 169 3980 nata
182 3929 227 3979 est
240 3940 390 3998 perversae
405 3928 623 3999 superstitionis
648 3927 774 3994 cultura,
787 3932 816 3986 et
839 3927 924 4001 spiri·
979 3934 1026 3987 tur
1035 3930 1239 4002 episcopum»
1248 3927 1374 3984 licentra
1381 3922 1542 3994 illi,erdore
1548 3919 1804 3984 succensideiflco,

96 4011 192 4069 tuales
206 4013 347 4086 nequitie
358 4015 483 4087 imperio
497 4016 582 4074 herili
597 4015 749 4091 propulsae
758 4030 819 4072 uon
833 4019 924 4072 mate·
977 4018 1164 4077 talibuseum
1170 4016 1344 4076 adoriuntur
1355 4012 1543 4075 sermonibus
1552 4030 1584 4068 :a
1593 4011 1806 4084 Christumpro

94 4099 220 4158 rialibus
231 4106 284 4158 aut
302 4102 485 4174 fulgentibus
498 4106 601 4175 armis,
619 4120 681 4162 uon
697 4103 869 4163 diversitate
884 4104 923 4162 le·
978 4102 1511 4178 oertouune,Pater,oontemnis,ejus
1521 4119 1592 4164 cum
1602 4117 1673 4160 oses
1683 4114 1806 4175 pascere

96 4189 231 4260 giouum,
242 4206 297 4245 uon
307 4190 492 4249 rhetoricatis
505 4192 738 4266 phaleramentis
750 4191 921 4258 verborum,
977 4197 1079 4255 renuis
1093 4196 1140 4253 :in
1150 4195 1201 4254 illo
1207 4209 1317 4267 nempe
1344 4198 1414 4251 tunc
1424 4208 1493 4250 reus
1509 4190 1568 4249 eris
1579 4206 1648 4248 eum
1656 4188 1805 4258 examine,

96 4276 149 4333 ted
163 4281 230 4343 viia.
244 4278 346 4348 verbo,
356 4279 448 4351 signis
456 4280 660 4355 prodigiisque
668 4281 922 4351 tantominsigues
977 4302 1046 4344 eum
1058 4284 1189 4356 argueris
1206 4281 1253 4353 ‚de
1266 4280 1445 4340 abscondite
1459 4294 1581 4337 munere
1595 4294 1603 4335 ι
1620 4274 1805 4335 conversatio

97 4364 154 4423 Sed
165 4368 237 4439 quia
244 4365 421 4438 legislatoris
435 4370 526 4426 vitam
540 4369 712 4442 plenissime
731 4369 801 4426 lesu
818 4370 922 4427 Christi
977 4389 1110 4447 namque
1121 4372 1239 4432 illerum
1250 4371 1300 4445 qui
1314 4371 1403 4431 vitam
1419 4367 1476 4426 sub
1496 4367 1613 4425 silentio
1636 4367 1805 4435 transeunt,

96 4454 295 4513 carbunculus
324 4457 556 4531 Chrysestomus
587 4460 719 4516 exaravit
752 4461 919 4531 Gregorius,
939 4444 1004 4522 Dat
1015 4464 1040 4520 si
1054 4463 1177 4537 prodest
1190 4460 1340 4533 exemplo,
1355 4457 1541 4532 plustameu
1570 4457 1657 4516 obest
1675 4454 1804 4514 silentio.

96 4560 164 4602 sum
170 4546 580 4620 miatquevenerandiseveri
586 4548 723 4622 praesulis
729 4549 824 4607 eximii
831 4551 920 4607 Vitam
975 4553 1046 4610 ideo
1061 4550 1214 4610 tibidivini
1224 4548 1305 4608 verbi
1317 4547 1430 4606 semina
1443 4548 1508 4607 Rex
1518 4546 1655 4604 omnium
1669 4545 1759 4618 dedit,
1773 4548 1806 4601 ut

97 4635 224 4692 seribere
234 4636 344 4694 ordiar.
975 4640 1181 4712 indigentibus
1204 4638 1373 4711 impertires.
1403 4635 1486 4694 Unde
1501 4639 1531 4693 et
1555 4633 1716 4708 Apostolus
1738 4636 1802 4693 ait:

132 4725 286 4781 Annorum
303 4740 322 4782 e
335 4726 443 4783 vivifici
456 4726 542 4784 Verbi
555 4726 758 4784 incarnatione
779 4727 920 4800 quadrin·
974 4730 1244 4794 Predicauerbum,
1253 4726 1804 4800 iustaopportune,importunans-pusi

97 4814 403 4887 gentesimusprimus
418 4814 547 4872 circulus
568 4815 743 4872 volvebatur
761 4817 829 4888 (ιιι,
851 4833 921 4874 oum
976 4821 1104 4886 obsecra
1122 4819 1253 4889 increpo,
1269 4819 1297 4873 in
1311 4817 1393 4874 omni
1405 4814 1547 4888 patientia
1570 4818 1596 4870 rt
1610 4815 1750 4872 doctam
1764 4813 1807 4887 (lt

99 4901 320 4960 Valentinianus
338 4903 439 4962 tertius
453 4904 642 4962 felicissimus
656 4921 692 4961 ac
714 4904 922 4963 excellentissi-
977 4910 1051 4968 Tim.
1064 4926 1104 4975 tv,
1120 4912 1160 4981 2).
1176 4929 1192 4960 s
1206 4909 1333 4964 Severus
1355 4910 1455 4966 nutem
1469 4909 1572 4976 pastor
1589 4903 1636 4959 his
1650 4902 1803 4964 consistes

99 5007 165 5049 mus
177 4993 304 5049 Romani
318 4993 435 5065 imperii
449 4995 589 5051 thronum
605 4995 734 5069 suscepit
742 4996 919 5067 regendum.
976 4998 1166 5060 sermonibus
1180 4996 1302 5054 ulterius
1313 5009 1373 5052 uon
1391 4993 1484 5051 sudet
1494 5007 1643 5064 respuere,
1660 4991 1740 5063 qrred
1762 4989 1803 5049 ad

98 5079 269 5153 Hocitaque
283 5081 362 5138 orbis
384 5082 557 5140 moderante
578 5082 722 5153 habenas,
737 5084 782 5141 vir
804 5084 921 5144 Domini
975 5101 1167 5145 communem
1182 5083 1353 5158 precipitur
1362 5081 1461 5139 subire
1471 5080 1609 5148 salum,
1619 5078 1803 5152 illileetionis

98 5172 223 5227 Severus
232 5170 447 5229 omnitenentis
460 5170 603 5231 benefldo
613 5173 920 5248 donatusCempanite
976 5176 1027 5233 liei
1046 5181 1075 5232 et
1100 5172 1230 5248 proximi
1253 5170 1377 5229 euictus
1400 5167 1570 5235 virtutibus,
1594 5166 1802 5242 gralia-Regis

133 5313 189 5384 (77)
208 5312 298 5370 Nemo
310 5317 394 5383 putet
416 5319 537 5385 ereptam
565 5316 646 5372 nobas
670 5316 703 5374 in
731 5314 785 5373 bae
812 5317 920 5376 lacuna
974 5334 1015 5383 vr,
1028 5320 1054 5375 3.

97 5398 185 5456 quam
197 5385 270 5453 seuit
281 5388 465 5444 amanuensis
489 5387 750 5455 actitiamoperum
764 5388 921 5446 Varronia-
1010 5386 1068 5460 (iti)
1087 5385 1177 5458 Apud
1188 5385 1391 5455 dupustiuum
1401 5397 1445 5457 op.
1458 5384 1558 5452 cit.v1,
1577 5387 1605 5440 2.
1771 5452 1789 5466 ..

98 5455 442 5514 eorumditeniml’etrru
475 5459 921 5517 iecenusnitrilutiudclr'cturus
1010 5459 1213 5531 (illioroeere
1229 5458 1444 5517 Valentinianus
1453 5455 1717 5526 tertiusimpers'um
1727 5451 1801 5511 editt

98 5529 920 5605 ercaqsnnquoderapseaepustinampecivbeitil.
975 5530 1170 5593 snsodirs'sti
1186 5531 1248 5587 iti.
