<?xml version="1.0" encoding="UTF-8"?>
<!DOCTYPE html PUBLIC "-//W3C//DTD XHTML 1.0 Transitional//EN"
    "http://www.w3.org/TR/xhtml1/DTD/xhtml1-transitional.dtd">
<html xmlns="http://www.w3.org/1999/xhtml" xml:lang="en" lang="en">
 <head>
  <title>
</title>
<meta http-equiv="Content-Type" content="text/html;charset=utf-8" />
  <meta name='ocr-system' content='tesseract 3.04.00' />
  <meta name='ocr-capabilities' content='ocr_page ocr_carea ocr_par ocr_line ocrx_word'/>
</head>
<body>
  <div class='ocr_page' id='page_1' title='image "./patrologiaecurs160unkngoog/patrologiaecurs160unkngoog_0509.png"; bbox 0 0 3884 6050; ppageno 0'>
   <div class='ocr_carea' id='block_1_1' title="bbox 75 354 1782 475">
    <p class='ocr_par' dir='ltr' id='par_1_1' title="bbox 75 354 1782 475">
     <span class='ocr_line' id='line_1_1' title="bbox 75 354 1782 475; baseline 0.008 -15"><span class='ocrx_word' id='word_1_1' title='bbox 75 356 135 460; x_wconf 73' lang='lat' dir='ltr'><strong>era</strong></span> <span class='ocrx_word' id='word_1_2' title='bbox 433 354 641 463; x_wconf 76' lang='lat' dir='ltr'><strong>emoureou</strong></span> <span class='ocrx_word' id='word_1_3' title='bbox 663 384 876 462; x_wconf 75' lang='lat' dir='ltr'><strong>elementa.</strong></span> <span class='ocrx_word' id='word_1_4' title='bbox 897 431 937 443; x_wconf 92' lang='lat'><em>-</em></span> <span class='ocrx_word' id='word_1_5' title='bbox 957 362 1027 463; x_wconf 82' lang='lat' dir='ltr'><strong>ue.</strong></span> <span class='ocrx_word' id='word_1_6' title='bbox 1050 398 1088 462; x_wconf 71' lang='grc' dir='ltr'><strong>ιν</strong></span> <span class='ocrx_word' id='word_1_7' title='bbox 1108 398 1277 469; x_wconf 77' lang='lat' dir='ltr'><strong>lucrosa</strong></span> <span class='ocrx_word' id='word_1_8' title='bbox 1298 368 1427 469; x_wconf 76' lang='lat' dir='ltr'><strong>neruo.</strong></span> <span class='ocrx_word' id='word_1_9' title='bbox 1722 370 1782 475; x_wconf 78' lang='lat' dir='ltr'><strong>ert</strong></span> 
     </span>
    </p>
   </div>
   <div class='ocr_carea' id='block_1_2' title="bbox 73 528 1784 617">
    <p class='ocr_par' dir='ltr' id='par_1_2' title="bbox 73 528 1784 617">
     <span class='ocr_line' id='line_1_2' title="bbox 73 528 1784 617; baseline 0.011 -32"><span class='ocrx_word' id='word_1_10' title='bbox 73 544 168 600; x_wconf 75' lang='lat' dir='ltr'><strong>gener</strong></span> <span class='ocrx_word' id='word_1_11' title='bbox 179 528 310 587; x_wconf 84' lang='lat' dir='ltr'><strong>Letharii</strong></span> <span class='ocrx_word' id='word_1_12' title='bbox 318 529 382 602; x_wconf 84' lang='lat' dir='ltr'><strong>jnm</strong></span> <span class='ocrx_word' id='word_1_13' title='bbox 397 529 470 588; x_wconf 91' lang='lat' dir='ltr'><strong>dieti</strong></span> <span class='ocrx_word' id='word_1_14' title='bbox 484 530 675 605; x_wconf 85' lang='lat' dir='ltr'><strong>imperatoris</strong></span> <span class='ocrx_word' id='word_1_15' title='bbox 695 531 758 589; x_wconf 84' lang='lat' dir='ltr'><strong>rita</strong></span> <span class='ocrx_word' id='word_1_16' title='bbox 776 532 903 588; x_wconf 87' lang='lat' dir='ltr'><strong>decessit</strong></span> <span class='ocrx_word' id='word_1_17' title='bbox 916 535 942 595; x_wconf 83' lang='grc' dir='ltr'>Α</span> <span class='ocrx_word' id='word_1_18' title='bbox 958 531 1784 617; x_wconf 81' lang='lat' dir='ltr'><strong>lebatconsentiret,seeivitateseteastraomniaquemo·</strong></span> 
     </span>
    </p>
   </div>
   <div class='ocr_carea' id='block_1_3' title="bbox 74 618 1806 5403">
    <p class='ocr_par' dir='ltr' id='par_1_3' title="bbox 74 618 1806 5403">
     <span class='ocr_line' id='line_1_3' title="bbox 74 618 1781 707; baseline 0.012 -35"><span class='ocrx_word' id='word_1_19' title='bbox 74 619 134 691; x_wconf 85' lang='lat' dir='ltr'><strong>(an.</strong></span> <span class='ocrx_word' id='word_1_20' title='bbox 152 618 231 685; x_wconf 81' lang='grc'>1139,</span> <span class='ocrx_word' id='word_1_21' title='bbox 241 618 299 675; x_wconf 86' lang='lat' dir='ltr'><strong>Oet.</strong></span> <span class='ocrx_word' id='word_1_22' title='bbox 310 619 356 689; x_wconf 75' lang='lat'><strong>20)</strong></span> <span class='ocrx_word' id='word_1_23' title='bbox 371 618 428 676; x_wconf 88' lang='lat' dir='ltr'><strong>Sed</strong></span> <span class='ocrx_word' id='word_1_24' title='bbox 443 619 529 676; x_wconf 85' lang='lat' dir='ltr'><strong>utnd</strong></span> <span class='ocrx_word' id='word_1_25' title='bbox 556 619 587 676; x_wconf 92' lang='lat' dir='ltr'><strong>id</strong></span> <span class='ocrx_word' id='word_1_26' title='bbox 612 619 735 677; x_wconf 90' lang='lat' dir='ltr'><strong>redeam</strong></span> <span class='ocrx_word' id='word_1_27' title='bbox 761 619 842 676; x_wconf 88' lang='lat' dir='ltr'><strong>unde</strong></span> <span class='ocrx_word' id='word_1_28' title='bbox 860 620 904 676; x_wconf 91' lang='lat' dir='ltr'><strong>di-</strong></span> <span class='ocrx_word' id='word_1_29' title='bbox 957 622 1086 680; x_wconf 80' lang='lat' dir='ltr'><strong>nestorio</strong></span> <span class='ocrx_word' id='word_1_30' title='bbox 1096 624 1276 697; x_wconf 88' lang='lat' dir='ltr'><strong>pertinentia</strong></span> <span class='ocrx_word' id='word_1_31' title='bbox 1294 627 1510 687; x_wconf 78' lang='lat' dir='ltr'><strong>demoliturum</strong></span> <span class='ocrx_word' id='word_1_32' title='bbox 1543 630 1651 689; x_wconf 88' lang='lat' dir='ltr'><strong>minari</strong></span> <span class='ocrx_word' id='word_1_33' title='bbox 1679 635 1781 707; x_wconf 87' lang='lat' dir='ltr'><strong>eoepit,</strong></span> 
     </span>
     <span class='ocr_line' id='line_1_4' title="bbox 74 707 1784 798; baseline 0.013 -37"><span class='ocrx_word' id='word_1_34' title='bbox 74 723 198 780; x_wconf 77' lang='lat' dir='ltr'><strong>gressus</strong></span> <span class='ocrx_word' id='word_1_35' title='bbox 209 723 287 775; x_wconf 90' lang='lat' dir='ltr'><strong>sum,</strong></span> <span class='ocrx_word' id='word_1_36' title='bbox 303 712 331 764; x_wconf 93' lang='lat' dir='ltr'><strong>et</strong></span> <span class='ocrx_word' id='word_1_37' title='bbox 345 707 441 765; x_wconf 89' lang='lat' dir='ltr'><strong>abbas</strong></span> <span class='ocrx_word' id='word_1_38' title='bbox 451 709 813 782; x_wconf 80' lang='lat' dir='ltr'><strong>Reynalduscumregem</strong></span> <span class='ocrx_word' id='word_1_39' title='bbox 829 711 904 779; x_wconf 75' lang='lat' dir='ltr'><strong>liog-</strong></span> <span class='ocrx_word' id='word_1_40' title='bbox 958 710 1119 785; x_wconf 77' lang='lat' dir='ltr'><strong>missisque</strong></span> <span class='ocrx_word' id='word_1_41' title='bbox 1129 715 1241 771; x_wconf 90' lang='lat' dir='ltr'><strong>uuntiis</strong></span> <span class='ocrx_word' id='word_1_42' title='bbox 1256 715 1314 773; x_wconf 89' lang='lat' dir='ltr'><strong>hoc</strong></span> <span class='ocrx_word' id='word_1_43' title='bbox 1329 716 1440 785; x_wconf 88' lang='lat' dir='ltr'><strong>abbati,</strong></span> <span class='ocrx_word' id='word_1_44' title='bbox 1460 717 1600 778; x_wconf 86' lang='lat' dir='ltr'><strong>iratribus</strong></span> <span class='ocrx_word' id='word_1_45' title='bbox 1616 728 1784 798; x_wconf 87' lang='lat' dir='ltr'><strong>cunctoque</strong></span> 
     </span>
     <span class='ocr_line' id='line_1_5' title="bbox 75 796 1786 873; baseline 0.011 -22"><span class='ocrx_word' id='word_1_46' title='bbox 75 796 193 868; x_wconf 70' lang='lat' dir='ltr'><strong>perium</strong></span> <span class='ocrx_word' id='word_1_47' title='bbox 208 798 315 852; x_wconf 83' lang='lat' dir='ltr'><strong>Farum</strong></span> <span class='ocrx_word' id='word_1_48' title='bbox 330 797 472 854; x_wconf 80' lang='lat' dir='ltr'><strong>transisse</strong></span> <span class='ocrx_word' id='word_1_49' title='bbox 487 812 543 871; x_wconf 89' lang='lat' dir='ltr'><strong>pro</strong></span> <span class='ocrx_word' id='word_1_50' title='bbox 555 803 635 854; x_wconf 91' lang='lat' dir='ltr'><strong>certo</strong></span> <span class='ocrx_word' id='word_1_51' title='bbox 645 797 805 862; x_wconf 77' lang='lat' dir='ltr'><strong>didicisset,</strong></span> <span class='ocrx_word' id='word_1_52' title='bbox 835 812 904 853; x_wconf 91' lang='lat' dir='ltr'><strong>eon·</strong></span> <span class='ocrx_word' id='word_1_53' title='bbox 957 800 1072 873; x_wconf 92' lang='lat' dir='ltr'><strong>populo</strong></span> <span class='ocrx_word' id='word_1_54' title='bbox 1084 802 1213 860; x_wconf 90' lang='lat' dir='ltr'><strong>nuntiari</strong></span> <span class='ocrx_word' id='word_1_55' title='bbox 1221 805 1383 862; x_wconf 82' lang='lat' dir='ltr'><strong>mandavit.</strong></span> <span class='ocrx_word' id='word_1_56' title='bbox 1392 808 1498 864; x_wconf 86' lang='lat' dir='ltr'><strong>Verum</strong></span> <span class='ocrx_word' id='word_1_57' title='bbox 1505 812 1538 865; x_wconf 91' lang='lat' dir='ltr'><strong>ut</strong></span> <span class='ocrx_word' id='word_1_58' title='bbox 1550 808 1578 864; x_wconf 91' lang='lat' dir='ltr'><strong>ln</strong></span> <span class='ocrx_word' id='word_1_59' title='bbox 1585 809 1786 869; x_wconf 87' lang='lat' dir='ltr'><strong>talibusasso·</strong></span> 
     </span>
     <span class='ocr_line' id='line_1_6' title="bbox 75 885 1786 965; baseline 0.012 -27"><span class='ocrx_word' id='word_1_60' title='bbox 75 885 313 955; x_wconf 73' lang='lat' dir='ltr'><strong>sanguineorum</strong></span> <span class='ocrx_word' id='word_1_61' title='bbox 327 891 355 941; x_wconf 89' lang='lat' dir='ltr'><strong>et</strong></span> <span class='ocrx_word' id='word_1_62' title='bbox 367 885 534 942; x_wconf 90' lang='lat' dir='ltr'><strong>amieorum</strong></span> <span class='ocrx_word' id='word_1_63' title='bbox 549 886 711 943; x_wconf 83' lang='lat' dir='ltr'><strong>exereitum</strong></span> <span class='ocrx_word' id='word_1_64' title='bbox 717 900 905 958; x_wconf 80' lang='lat' dir='ltr'><strong>congregans</strong></span> <span class='ocrx_word' id='word_1_65' title='bbox 957 888 1007 954; x_wconf 89' lang='lat' dir='ltr'><strong>let,</strong></span> <span class='ocrx_word' id='word_1_66' title='bbox 1020 890 1151 961; x_wconf 88' lang='lat' dir='ltr'><strong>primum</strong></span> <span class='ocrx_word' id='word_1_67' title='bbox 1158 893 1262 948; x_wconf 82' lang='lat' dir='ltr'><strong>saevire</strong></span> <span class='ocrx_word' id='word_1_68' title='bbox 1277 895 1386 965; x_wconf 82' lang='lat' dir='ltr'><strong>vulgus</strong></span> <span class='ocrx_word' id='word_1_69' title='bbox 1398 895 1540 964; x_wconf 79' lang='lat' dir='ltr'><strong>ignobile,</strong></span> <span class='ocrx_word' id='word_1_70' title='bbox 1551 897 1658 955; x_wconf 88' lang='lat' dir='ltr'><strong>deinde</strong></span> <span class='ocrx_word' id='word_1_71' title='bbox 1673 900 1786 960; x_wconf 74' lang='lat' dir='ltr'><strong>saevitia</strong></span> 
     </span>
     <span class='ocr_line' id='line_1_7' title="bbox 76 974 1785 1051; baseline 0.013 -27"><span class='ocrx_word' id='word_1_72' title='bbox 76 976 138 1045; x_wconf 80' lang='lat' dir='ltr'><strong>(an.</strong></span> <span class='ocrx_word' id='word_1_73' title='bbox 175 974 267 1043; x_wconf 81' lang='grc'>1137),</span> <span class='ocrx_word' id='word_1_74' title='bbox 293 974 526 1046; x_wconf 77' lang='lat' dir='ltr'><strong>suscipientibus</strong></span> <span class='ocrx_word' id='word_1_75' title='bbox 552 991 584 1031; x_wconf 88' lang='lat' dir='ltr'><strong>se</strong></span> <span class='ocrx_word' id='word_1_76' title='bbox 617 974 731 1031; x_wconf 83' lang='lat' dir='ltr'><strong>civibus</strong></span> <span class='ocrx_word' id='word_1_77' title='bbox 759 974 905 1031; x_wconf 86' lang='lat' dir='ltr'><strong>civitatem</strong></span> <span class='ocrx_word' id='word_1_78' title='bbox 959 976 1140 1035; x_wconf 89' lang='lat' dir='ltr'><strong>intimorem</strong></span> <span class='ocrx_word' id='word_1_79' title='bbox 1157 982 1356 1047; x_wconf 86' lang='lat' dir='ltr'><strong>mutata,suis</strong></span> <span class='ocrx_word' id='word_1_80' title='bbox 1374 998 1443 1040; x_wconf 91' lang='lat' dir='ltr'><strong>eum</strong></span> <span class='ocrx_word' id='word_1_81' title='bbox 1460 984 1612 1051; x_wconf 88' lang='lat' dir='ltr'><strong>omuibus,</strong></span> <span class='ocrx_word' id='word_1_82' title='bbox 1641 988 1785 1046; x_wconf 83' lang='lat' dir='ltr'><strong>uxoribus</strong></span> 
     </span>
     <span class='ocr_line' id='line_1_8' title="bbox 77 1060 1786 1138; baseline 0.011 -21"><span class='ocrx_word' id='word_1_83' title='bbox 77 1062 174 1118; x_wconf 64' lang='lat' dir='ltr'><strong>anob</strong></span> <span class='ocrx_word' id='word_1_84' title='bbox 185 1062 325 1118; x_wconf 80' lang='lat' dir='ltr'><strong>Germani</strong></span> <span class='ocrx_word' id='word_1_85' title='bbox 338 1062 491 1134; x_wconf 80' lang='lat' dir='ltr'><strong>ingressus</strong></span> <span class='ocrx_word' id='word_1_86' title='bbox 501 1067 556 1125; x_wconf 89' lang='lat' dir='ltr'><strong>est,</strong></span> <span class='ocrx_word' id='word_1_87' title='bbox 571 1061 801 1136; x_wconf 87' lang='lat' dir='ltr'><strong>disponeusalio</strong></span> <span class='ocrx_word' id='word_1_88' title='bbox 811 1060 907 1119; x_wconf 88' lang='lat' dir='ltr'><strong>diead</strong></span> <span class='ocrx_word' id='word_1_89' title='bbox 960 1080 1082 1138; x_wconf 89' lang='lat' dir='ltr'><strong>quoque</strong></span> <span class='ocrx_word' id='word_1_90' title='bbox 1095 1070 1122 1123; x_wconf 89' lang='lat' dir='ltr'><strong>et</strong></span> <span class='ocrx_word' id='word_1_91' title='bbox 1135 1066 1212 1135; x_wconf 88' lang='lat' dir='ltr'><strong>filiis,</strong></span> <span class='ocrx_word' id='word_1_92' title='bbox 1227 1068 1387 1127; x_wconf 88' lang='lat' dir='ltr'><strong>Casinense</strong></span> <span class='ocrx_word' id='word_1_93' title='bbox 1401 1072 1441 1128; x_wconf 89' lang='lat' dir='ltr'><strong>ad</strong></span> <span class='ocrx_word' id='word_1_94' title='bbox 1456 1075 1670 1133; x_wconf 82' lang='lat' dir='ltr'><strong>monesterium</strong></span> <span class='ocrx_word' id='word_1_95' title='bbox 1685 1078 1786 1134; x_wconf 89' lang='lat' dir='ltr'><strong>conlu-</strong></span> 
     </span>
     <span class='ocr_line' id='line_1_9' title="bbox 78 1149 1788 1237; baseline 0.008 -29"><span class='ocrx_word' id='word_1_96' title='bbox 78 1149 908 1224; x_wconf 83' lang='lat' dir='ltr'><strong>monasteriumrapiendumetadabbatiamreenpareu·</strong></span> <span class='ocrx_word' id='word_1_97' title='bbox 960 1159 1077 1224; x_wconf 74' lang='lat' dir='ltr'><strong>gerunt.</strong></span> <span class='ocrx_word' id='word_1_98' title='bbox 1094 1157 1156 1211; x_wconf 83' lang='lat' dir='ltr'><strong>Non</strong></span> <span class='ocrx_word' id='word_1_99' title='bbox 1169 1161 1239 1228; x_wconf 90' lang='lat' dir='ltr'><strong>post</strong></span> <span class='ocrx_word' id='word_1_100' title='bbox 1254 1158 1380 1216; x_wconf 91' lang='lat' dir='ltr'><strong>multum</strong></span> <span class='ocrx_word' id='word_1_101' title='bbox 1392 1161 1533 1232; x_wconf 76' lang='lat' dir='ltr'><strong>praelatus</strong></span> <span class='ocrx_word' id='word_1_102' title='bbox 1557 1178 1608 1220; x_wconf 82' lang='lat' dir='ltr'><strong>res</strong></span> <span class='ocrx_word' id='word_1_103' title='bbox 1632 1167 1788 1237; x_wconf 86' lang='lat' dir='ltr'><strong>paciscens</strong></span> 
     </span>
     <span class='ocr_line' id='line_1_10' title="bbox 77 1237 1787 1326; baseline 0.008 -30"><span class='ocrx_word' id='word_1_104' title='bbox 77 1239 151 1296; x_wconf 87' lang='lat' dir='ltr'><strong>dem</strong></span> <span class='ocrx_word' id='word_1_105' title='bbox 158 1238 589 1296; x_wconf 83' lang='lat' dir='ltr'><strong>montemasccndere.coutra</strong></span> <span class='ocrx_word' id='word_1_106' title='bbox 595 1254 686 1312; x_wconf 90' lang='lat' dir='ltr'><strong>quem</strong></span> <span class='ocrx_word' id='word_1_107' title='bbox 696 1237 862 1295; x_wconf 81' lang='lat' dir='ltr'><strong>tandulfus</strong></span> <span class='ocrx_word' id='word_1_108' title='bbox 869 1237 907 1295; x_wconf 90' lang='lat' dir='ltr'><strong>da</strong></span> <span class='ocrx_word' id='word_1_109' title='bbox 960 1257 1031 1299; x_wconf 90' lang='lat' dir='ltr'><strong>eum</strong></span> <span class='ocrx_word' id='word_1_110' title='bbox 1045 1241 1258 1301; x_wconf 83' lang='lat' dir='ltr'><strong>Caslnensibus</strong></span> <span class='ocrx_word' id='word_1_111' title='bbox 1270 1250 1427 1319; x_wconf 78' lang='lat' dir='ltr'><strong>treuguam</strong></span> <span class='ocrx_word' id='word_1_112' title='bbox 1438 1249 1565 1318; x_wconf 89' lang='lat' dir='ltr'><strong>interim,</strong></span> <span class='ocrx_word' id='word_1_113' title='bbox 1582 1256 1725 1309; x_wconf 87' lang='lat' dir='ltr'><strong>utomnes</strong></span> <span class='ocrx_word' id='word_1_114' title='bbox 1737 1252 1787 1326; x_wconf 90' lang='lat' dir='ltr'><strong>qul</strong></span> 
     </span>
     <span class='ocr_line' id='line_1_11' title="bbox 79 1327 1789 1415; baseline 0.008 -30"><span class='ocrx_word' id='word_1_115' title='bbox 79 1328 376 1394; x_wconf 64' lang='lat' dir='ltr'><strong>maturabamus</strong></span> <span class='ocrx_word' id='word_1_116' title='bbox 389 1327 536 1385; x_wconf 85' lang='lat' dir='ltr'><strong>Guibaldo</strong></span> <span class='ocrx_word' id='word_1_117' title='bbox 551 1327 658 1385; x_wconf 89' lang='lat' dir='ltr'><strong>abbate</strong></span> <span class='ocrx_word' id='word_1_118' title='bbox 680 1342 700 1384; x_wconf 91' lang='lat' dir='ltr'><strong>a</strong></span> <span class='ocrx_word' id='word_1_119' title='bbox 727 1327 908 1385; x_wconf 91' lang='lat' dir='ltr'><strong>monasterio</strong></span> <span class='ocrx_word' id='word_1_120' title='bbox 961 1330 1143 1389; x_wconf 86' lang='lat' dir='ltr'><strong>obtimorem</strong></span> <span class='ocrx_word' id='word_1_121' title='bbox 1157 1332 1425 1404; x_wconf 76' lang='lat' dir='ltr'><strong>illiusaulugerant,</strong></span> <span class='ocrx_word' id='word_1_122' title='bbox 1437 1340 1541 1395; x_wconf 90' lang='lat' dir='ltr'><strong>utenm</strong></span> <span class='ocrx_word' id='word_1_123' title='bbox 1550 1340 1612 1395; x_wconf 90' lang='lat' dir='ltr'><strong>suis</strong></span> <span class='ocrx_word' id='word_1_124' title='bbox 1623 1340 1660 1397; x_wconf 88' lang='lat' dir='ltr'><strong>ad</strong></span> <span class='ocrx_word' id='word_1_125' title='bbox 1669 1341 1789 1415; x_wconf 88' lang='lat' dir='ltr'><strong>propria</strong></span> 
     </span>
     <span class='ocr_line' id='line_1_12' title="bbox 78 1415 1359 1489; baseline 0.017 -17"><span class='ocrx_word' id='word_1_126' title='bbox 78 1416 193 1473; x_wconf 91' lang='lat' dir='ltr'><strong>missus</strong></span> <span class='ocrx_word' id='word_1_127' title='bbox 204 1415 380 1485; x_wconf 84' lang='lat' dir='ltr'><strong>adveniens,</strong></span> <span class='ocrx_word' id='word_1_128' title='bbox 392 1416 541 1473; x_wconf 85' lang='lat' dir='ltr'><strong>civitatem</strong></span> <span class='ocrx_word' id='word_1_129' title='bbox 558 1416 699 1489; x_wconf 80' lang='lat' dir='ltr'><strong>optinuit,</strong></span> <span class='ocrx_word' id='word_1_130' title='bbox 710 1415 909 1489; x_wconf 84' lang='lat' dir='ltr'><strong>Raynaldum·</strong></span> <span class='ocrx_word' id='word_1_131' title='bbox 961 1423 1359 1488; x_wconf 65' lang='lat' dir='ltr'><strong>reverterentubssonoesssst·</strong></span> 
     </span>
     <span class='ocr_line' id='line_1_13' title="bbox 78 1504 1790 1586; baseline 0.011 -26"><span class='ocrx_word' id='word_1_132' title='bbox 78 1520 140 1579; x_wconf 92' lang='lat' dir='ltr'><strong>que</strong></span> <span class='ocrx_word' id='word_1_133' title='bbox 153 1520 221 1561; x_wconf 93' lang='lat' dir='ltr'><strong>eum</strong></span> <span class='ocrx_word' id='word_1_134' title='bbox 234 1506 295 1561; x_wconf 87' lang='lat' dir='ltr'><strong>suis</strong></span> <span class='ocrx_word' id='word_1_135' title='bbox 310 1510 427 1561; x_wconf 87' lang='lat' dir='ltr'><strong>vertens</strong></span> <span class='ocrx_word' id='word_1_136' title='bbox 436 1505 467 1561; x_wconf 92' lang='lat' dir='ltr'><strong>in</strong></span> <span class='ocrx_word' id='word_1_137' title='bbox 480 1504 595 1576; x_wconf 73' lang='lat' dir='ltr'><strong>lugam,</strong></span> <span class='ocrx_word' id='word_1_138' title='bbox 608 1504 711 1576; x_wconf 76' lang='lat' dir='ltr'><strong>iguem</strong></span> <span class='ocrx_word' id='word_1_139' title='bbox 720 1504 750 1560; x_wconf 94' lang='lat' dir='ltr'><strong>in</strong></span> <span class='ocrx_word' id='word_1_140' title='bbox 764 1506 910 1562; x_wconf 78' lang='lat' dir='ltr'><strong>civitatem</strong></span> <span class='ocrx_word' id='word_1_141' title='bbox 999 1508 1062 1564; x_wconf 76' lang='lat'><strong>129.</strong></span> <span class='ocrx_word' id='word_1_142' title='bbox 1078 1509 1127 1565; x_wconf 89' lang='lat' dir='ltr'><strong>llis</strong></span> <span class='ocrx_word' id='word_1_143' title='bbox 1139 1523 1228 1581; x_wconf 88' lang='lat' dir='ltr'><strong>porro</strong></span> <span class='ocrx_word' id='word_1_144' title='bbox 1238 1508 1344 1566; x_wconf 90' lang='lat' dir='ltr'><strong>diebus</strong></span> <span class='ocrx_word' id='word_1_145' title='bbox 1358 1516 1422 1570; x_wconf 89' lang='lat' dir='ltr'><strong>erat</strong></span> <span class='ocrx_word' id='word_1_146' title='bbox 1434 1513 1561 1586; x_wconf 88' lang='lat' dir='ltr'><strong>quidam</strong></span> <span class='ocrx_word' id='word_1_147' title='bbox 1572 1516 1662 1575; x_wconf 84' lang='lat' dir='ltr'><strong>frater</strong></span> <span class='ocrx_word' id='word_1_148' title='bbox 1684 1517 1712 1573; x_wconf 89' lang='lat' dir='ltr'><strong>in</strong></span> <span class='ocrx_word' id='word_1_149' title='bbox 1738 1520 1790 1577; x_wconf 86' lang='lat' dir='ltr'><strong>Ca·</strong></span> 
     </span>
     <span class='ocr_line' id='line_1_14' title="bbox 78 1592 1788 1677; baseline 0.007 -26"><span class='ocrx_word' id='word_1_150' title='bbox 78 1595 223 1663; x_wconf 87' lang='lat' dir='ltr'><strong>immisit;</strong></span> <span class='ocrx_word' id='word_1_151' title='bbox 236 1592 372 1667; x_wconf 90' lang='lat' dir='ltr'><strong>plurimis</strong></span> <span class='ocrx_word' id='word_1_152' title='bbox 384 1594 480 1667; x_wconf 90' lang='lat' dir='ltr'><strong>captis</strong></span> <span class='ocrx_word' id='word_1_153' title='bbox 492 1609 527 1650; x_wconf 87' lang='lat' dir='ltr'><strong>ae</strong></span> <span class='ocrx_word' id='word_1_154' title='bbox 544 1593 680 1666; x_wconf 90' lang='lat' dir='ltr'><strong>pluribus</strong></span> <span class='ocrx_word' id='word_1_155' title='bbox 692 1592 857 1659; x_wconf 76' lang='lat' dir='ltr'><strong>debellatis,</strong></span> <span class='ocrx_word' id='word_1_156' title='bbox 872 1592 910 1650; x_wconf 90' lang='lat' dir='ltr'><strong>ed</strong></span> <span class='ocrx_word' id='word_1_157' title='bbox 963 1596 1497 1672; x_wconf 71' lang='lat' dir='ltr'><strong>sinensieoenobioulbertusuomine,</strong></span> <span class='ocrx_word' id='word_1_158' title='bbox 1508 1605 1788 1677; x_wconf 72' lang='lat' dir='ltr'><strong>nationePelignus,</strong></span> 
     </span>
     <span class='ocr_line' id='line_1_15' title="bbox 79 1681 1790 1761; baseline 0.008 -21"><span class='ocrx_word' id='word_1_159' title='bbox 79 1682 259 1741; x_wconf 85' lang='lat' dir='ltr'><strong>Guibaldum</strong></span> <span class='ocrx_word' id='word_1_160' title='bbox 270 1698 389 1739; x_wconf 89' lang='lat' dir='ltr'><strong>sursum</strong></span> <span class='ocrx_word' id='word_1_161' title='bbox 398 1682 438 1739; x_wconf 90' lang='lat' dir='ltr'><strong>ad</strong></span> <span class='ocrx_word' id='word_1_162' title='bbox 453 1682 670 1739; x_wconf 88' lang='lat' dir='ltr'><strong>monasterium</strong></span> <span class='ocrx_word' id='word_1_163' title='bbox 683 1681 780 1739; x_wconf 87' lang='lat' dir='ltr'><strong>rediit.</strong></span> <span class='ocrx_word' id='word_1_164' title='bbox 797 1683 911 1754; x_wconf 77' lang='lat' dir='ltr'><strong>llogge·</strong></span> <span class='ocrx_word' id='word_1_165' title='bbox 963 1688 1052 1740; x_wconf 79' lang='lat' dir='ltr'><strong>aetate</strong></span> <span class='ocrx_word' id='word_1_166' title='bbox 1063 1699 1165 1751; x_wconf 83' lang='lat' dir='ltr'><strong>senex,</strong></span> <span class='ocrx_word' id='word_1_167' title='bbox 1176 1685 1342 1756; x_wconf 75' lang='lat' dir='ltr'><strong>religiosam</strong></span> <span class='ocrx_word' id='word_1_168' title='bbox 1354 1703 1446 1758; x_wconf 77' lang='lat' dir='ltr'><strong>agens</strong></span> <span class='ocrx_word' id='word_1_169' title='bbox 1458 1690 1559 1761; x_wconf 85' lang='lat' dir='ltr'><strong>vitam,</strong></span> <span class='ocrx_word' id='word_1_170' title='bbox 1575 1693 1650 1750; x_wconf 85' lang='lat' dir='ltr'><strong>adeo</strong></span> <span class='ocrx_word' id='word_1_171' title='bbox 1663 1701 1693 1752; x_wconf 90' lang='lat' dir='ltr'><strong>ut</strong></span> <span class='ocrx_word' id='word_1_172' title='bbox 1706 1702 1790 1753; x_wconf 70' lang='lat' dir='ltr'><strong>crete·</strong></span> 
     </span>
     <span class='ocr_line' id='line_1_16' title="bbox 78 1769 1790 1857; baseline 0.008 -29"><span class='ocrx_word' id='word_1_173' title='bbox 78 1771 140 1828; x_wconf 88' lang='lat' dir='ltr'><strong>rius</strong></span> <span class='ocrx_word' id='word_1_174' title='bbox 150 1771 252 1844; x_wconf 90' lang='lat' dir='ltr'><strong>itaque</strong></span> <span class='ocrx_word' id='word_1_175' title='bbox 266 1786 318 1827; x_wconf 83' lang='lat' dir='ltr'><strong>rex</strong></span> <span class='ocrx_word' id='word_1_176' title='bbox 328 1771 374 1827; x_wconf 89' lang='lat' dir='ltr'><strong>sui</strong></span> <span class='ocrx_word' id='word_1_177' title='bbox 384 1769 658 1843; x_wconf 76' lang='lat' dir='ltr'><strong>exereilnslnlanga</strong></span> <span class='ocrx_word' id='word_1_178' title='bbox 672 1771 809 1844; x_wconf 89' lang='lat' dir='ltr'><strong>stipatus,</strong></span> <span class='ocrx_word' id='word_1_179' title='bbox 821 1785 912 1844; x_wconf 87' lang='lat' dir='ltr'><strong>supra</strong></span> <span class='ocrx_word' id='word_1_180' title='bbox 964 1772 1006 1828; x_wconf 89' lang='lat' dir='ltr'><strong>ris</strong></span> <span class='ocrx_word' id='word_1_181' title='bbox 1018 1771 1158 1830; x_wconf 80' lang='lat' dir='ltr'><strong>tratribus</strong></span> <span class='ocrx_word' id='word_1_182' title='bbox 1173 1774 1378 1832; x_wconf 79' lang='lat' dir='ltr'><strong>admirationis</strong></span> <span class='ocrx_word' id='word_1_183' title='bbox 1397 1782 1426 1833; x_wconf 89' lang='lat' dir='ltr'><strong>et</strong></span> <span class='ocrx_word' id='word_1_184' title='bbox 1454 1782 1688 1852; x_wconf 82' lang='lat' dir='ltr'><strong>compunctionis</strong></span> <span class='ocrx_word' id='word_1_185' title='bbox 1710 1800 1790 1857; x_wconf 83' lang='lat' dir='ltr'><strong>saepe</strong></span> 
     </span>
     <span class='ocr_line' id='line_1_17' title="bbox 80 1859 1791 1952; baseline 0.006 -34"><span class='ocrx_word' id='word_1_186' title='bbox 80 1861 229 1918; x_wconf 83' lang='lat' dir='ltr'><strong>civitatem</strong></span> <span class='ocrx_word' id='word_1_187' title='bbox 241 1864 418 1934; x_wconf 78' lang='lat' dir='ltr'><strong>capuanam</strong></span> <span class='ocrx_word' id='word_1_188' title='bbox 432 1860 552 1918; x_wconf 88' lang='lat' dir='ltr'><strong>devenit</strong></span> <span class='ocrx_word' id='word_1_189' title='bbox 565 1877 573 1927; x_wconf 90' lang='grc'><strong>;</strong></span> <span class='ocrx_word' id='word_1_190' title='bbox 588 1876 683 1933; x_wconf 93' lang='lat' dir='ltr'><strong>quam</strong></span> <span class='ocrx_word' id='word_1_191' title='bbox 703 1860 842 1917; x_wconf 89' lang='lat' dir='ltr'><strong>incendio</strong></span> <span class='ocrx_word' id='word_1_192' title='bbox 857 1864 948 1952; x_wconf 75' lang='lat' dir='ltr'><strong>tra-B</strong></span> <span class='ocrx_word' id='word_1_193' title='bbox 965 1876 1058 1918; x_wconf 85' lang='lat' dir='ltr'><strong>causa</strong></span> <span class='ocrx_word' id='word_1_194' title='bbox 1070 1859 1215 1918; x_wconf 67' lang='lat' dir='ltr'><strong>emslerct.</strong></span> <span class='ocrx_word' id='word_1_195' title='bbox 1232 1861 1258 1917; x_wconf 92' lang='lat' dir='ltr'><strong>ls</strong></span> <span class='ocrx_word' id='word_1_196' title='bbox 1269 1877 1338 1920; x_wconf 89' lang='lat' dir='ltr'><strong>eum</strong></span> <span class='ocrx_word' id='word_1_197' title='bbox 1350 1866 1432 1921; x_wconf 91' lang='lat' dir='ltr'><strong>senio</strong></span> <span class='ocrx_word' id='word_1_198' title='bbox 1447 1865 1544 1924; x_wconf 86' lang='lat' dir='ltr'><strong>lessus</strong></span> <span class='ocrx_word' id='word_1_199' title='bbox 1559 1869 1590 1925; x_wconf 89' lang='lat' dir='ltr'><strong>itt</strong></span> <span class='ocrx_word' id='word_1_200' title='bbox 1605 1869 1692 1927; x_wconf 89' lang='lat' dir='ltr'><strong>domo</strong></span> <span class='ocrx_word' id='word_1_201' title='bbox 1709 1872 1791 1929; x_wconf 90' lang='lat' dir='ltr'><strong>inllr·</strong></span> 
     </span>
     <span class='ocr_line' id='line_1_18' title="bbox 80 1947 1791 2034; baseline 0.007 -28"><span class='ocrx_word' id='word_1_202' title='bbox 80 1949 227 2015; x_wconf 88' lang='lat' dir='ltr'><strong>dens,suo</strong></span> <span class='ocrx_word' id='word_1_203' title='bbox 238 1949 298 2020; x_wconf 83' lang='lat' dir='ltr'><strong>juri</strong></span> <span class='ocrx_word' id='word_1_204' title='bbox 311 1963 417 2021; x_wconf 90' lang='lat' dir='ltr'><strong>parere</strong></span> <span class='ocrx_word' id='word_1_205' title='bbox 426 1947 706 2021; x_wconf 75' lang='lat' dir='ltr'><strong>coegittiuibaldus</strong></span> <span class='ocrx_word' id='word_1_206' title='bbox 720 1955 819 2005; x_wconf 87' lang='lat' dir='ltr'><strong>autem</strong></span> <span class='ocrx_word' id='word_1_207' title='bbox 830 1963 911 2014; x_wconf 89' lang='lat' dir='ltr'><strong>,cum</strong></span> <span class='ocrx_word' id='word_1_208' title='bbox 965 1964 1083 2007; x_wconf 89' lang='lat' dir='ltr'><strong>morum</strong></span> <span class='ocrx_word' id='word_1_209' title='bbox 1095 1956 1239 2020; x_wconf 88' lang='lat' dir='ltr'><strong>maneret,</strong></span> <span class='ocrx_word' id='word_1_210' title='bbox 1256 1956 1285 2009; x_wconf 86' lang='lat' dir='ltr'><strong>et</strong></span> <span class='ocrx_word' id='word_1_211' title='bbox 1296 1953 1398 2025; x_wconf 89' lang='lat' dir='ltr'><strong>populi</strong></span> <span class='ocrx_word' id='word_1_212' title='bbox 1414 1962 1626 2029; x_wconf 88' lang='lat' dir='ltr'><strong>suareportare</strong></span> <span class='ocrx_word' id='word_1_213' title='bbox 1643 1960 1791 2034; x_wconf 87' lang='lat' dir='ltr'><strong>cupientis</strong></span> 
     </span>
     <span class='ocr_line' id='line_1_19' title="bbox 81 2035 1791 2115; baseline 0.008 -22"><span class='ocrx_word' id='word_1_214' title='bbox 81 2036 221 2094; x_wconf 86' lang='lat' dir='ltr'><strong>iratribus</strong></span> <span class='ocrx_word' id='word_1_215' title='bbox 230 2037 454 2094; x_wconf 84' lang='lat' dir='ltr'><strong>communicato</strong></span> <span class='ocrx_word' id='word_1_216' title='bbox 474 2035 611 2102; x_wconf 86' lang='lat' dir='ltr'><strong>consilio,</strong></span> <span class='ocrx_word' id='word_1_217' title='bbox 628 2036 743 2108; x_wconf 73' lang='lat' dir='ltr'><strong>legatos</strong></span> <span class='ocrx_word' id='word_1_218' title='bbox 770 2037 811 2093; x_wconf 88' lang='lat' dir='ltr'><strong>ad</strong></span> <span class='ocrx_word' id='word_1_219' title='bbox 832 2038 913 2106; x_wconf 76' lang='lat' dir='ltr'><strong>liog-</strong></span> <span class='ocrx_word' id='word_1_220' title='bbox 965 2035 1791 2115; x_wconf 84' lang='lat' dir='ltr'><strong>tumultumauribusansisset,quosdamexcireumstan·</strong></span> 
     </span>
     <span class='ocr_line' id='line_1_20' title="bbox 80 2124 1792 2206; baseline 0.008 -26"><span class='ocrx_word' id='word_1_221' title='bbox 80 2125 199 2198; x_wconf 67' lang='lat' dir='ltr'><strong>perium</strong></span> <span class='ocrx_word' id='word_1_222' title='bbox 208 2124 347 2191; x_wconf 88' lang='lat' dir='ltr'><strong>destinat,</strong></span> <span class='ocrx_word' id='word_1_223' title='bbox 364 2130 432 2183; x_wconf 88' lang='lat' dir='ltr'><strong>tune</strong></span> <span class='ocrx_word' id='word_1_224' title='bbox 446 2128 557 2198; x_wconf 82' lang='lat' dir='ltr'><strong>Capuae</strong></span> <span class='ocrx_word' id='word_1_225' title='bbox 575 2130 782 2189; x_wconf 84' lang='lat' dir='ltr'><strong>remorantem,</strong></span> <span class='ocrx_word' id='word_1_226' title='bbox 808 2140 913 2197; x_wconf 87' lang='lat' dir='ltr'><strong>pacem</strong></span> <span class='ocrx_word' id='word_1_227' title='bbox 967 2126 1046 2182; x_wconf 90' lang='lat' dir='ltr'><strong>tibus</strong></span> <span class='ocrx_word' id='word_1_228' title='bbox 1058 2125 1133 2197; x_wconf 85' lang='lat' dir='ltr'><strong>quid</strong></span> <span class='ocrx_word' id='word_1_229' title='bbox 1146 2125 1202 2183; x_wconf 89' lang='lat' dir='ltr'><strong>sibi</strong></span> <span class='ocrx_word' id='word_1_230' title='bbox 1215 2125 1302 2183; x_wconf 82' lang='lat' dir='ltr'><strong>vellet</strong></span> <span class='ocrx_word' id='word_1_231' title='bbox 1315 2131 1377 2185; x_wconf 68' lang='lat' dir='ltr'><strong>um</strong></span> <span class='ocrx_word' id='word_1_232' title='bbox 1387 2129 1531 2188; x_wconf 78' lang='lat' dir='ltr'><strong>contusus</strong></span> <span class='ocrx_word' id='word_1_233' title='bbox 1555 2133 1737 2206; x_wconf 89' lang='lat' dir='ltr'><strong>populorum</strong></span> <span class='ocrx_word' id='word_1_234' title='bbox 1747 2142 1792 2193; x_wconf 90' lang='lat' dir='ltr'><strong>tu·</strong></span> 
     </span>
     <span class='ocr_line' id='line_1_21' title="bbox 82 2212 1790 2299; baseline 0.012 -38"><span class='ocrx_word' id='word_1_235' title='bbox 82 2213 914 2287; x_wconf 58' lang='lat' dir='ltr'><strong>abwexquiransetamicitiemspondeus,eujusverba</strong></span> <span class='ocrx_word' id='word_1_236' title='bbox 966 2212 1287 2288; x_wconf 81' lang='lat' dir='ltr'><strong>multueinterrogavit.</strong></span> <span class='ocrx_word' id='word_1_237' title='bbox 1303 2215 1452 2290; x_wconf 81' lang='lat' dir='ltr'><strong>Adquem</strong></span> <span class='ocrx_word' id='word_1_238' title='bbox 1466 2233 1542 2277; x_wconf 92' lang='lat' dir='ltr'><strong>uuus</strong></span> <span class='ocrx_word' id='word_1_239' title='bbox 1563 2239 1571 2277; x_wconf 78' lang='grc' dir='ltr'><strong>ε</strong></span> <span class='ocrx_word' id='word_1_240' title='bbox 1598 2241 1613 2275; x_wconf 86' lang='lat' dir='ltr'><strong>u</strong></span> <span class='ocrx_word' id='word_1_241' title='bbox 1633 2225 1709 2280; x_wconf 85' lang='lat' dir='ltr'><strong>Num</strong></span> <span class='ocrx_word' id='word_1_242' title='bbox 1726 2225 1790 2299; x_wconf 88' lang='lat' dir='ltr'><strong>tibi,</strong></span> 
     </span>
     <span class='ocr_line' id='line_1_22' title="bbox 82 2301 1794 2387; baseline 0.006 -27"><span class='ocrx_word' id='word_1_243' title='bbox 82 2302 247 2376; x_wconf 74' lang='lat' dir='ltr'><strong>floggerius</strong></span> <span class='ocrx_word' id='word_1_244' title='bbox 261 2316 316 2374; x_wconf 93' lang='lat' dir='ltr'><strong>pro</strong></span> <span class='ocrx_word' id='word_1_245' title='bbox 330 2301 442 2360; x_wconf 89' lang='lat' dir='ltr'><strong>nichilo</strong></span> <span class='ocrx_word' id='word_1_246' title='bbox 455 2301 581 2367; x_wconf 90' lang='lat' dir='ltr'><strong>ducens,</strong></span> <span class='ocrx_word' id='word_1_247' title='bbox 597 2301 766 2359; x_wconf 86' lang='lat' dir='ltr'><strong>inefficaces</strong></span> <span class='ocrx_word' id='word_1_248' title='bbox 792 2301 913 2358; x_wconf 89' lang='lat' dir='ltr'><strong>nuntios</strong></span> <span class='ocrx_word' id='word_1_249' title='bbox 967 2303 1071 2374; x_wconf 90' lang='lat' dir='ltr'><strong>inquit,</strong></span> <span class='ocrx_word' id='word_1_250' title='bbox 1086 2303 1272 2373; x_wconf 72' lang='lat' dir='ltr'><strong>incognitum</strong></span> <span class='ocrx_word' id='word_1_251' title='bbox 1286 2319 1352 2361; x_wconf 89' lang='lat' dir='ltr'><strong>asse</strong></span> <span class='ocrx_word' id='word_1_252' title='bbox 1366 2311 1475 2378; x_wconf 88' lang='lat' dir='ltr'><strong>potest,</strong></span> <span class='ocrx_word' id='word_1_253' title='bbox 1490 2309 1554 2380; x_wconf 88' lang='lat' dir='ltr'><strong>quis</strong></span> <span class='ocrx_word' id='word_1_254' title='bbox 1564 2310 1613 2366; x_wconf 79' lang='lat' dir='ltr'><strong>rel</strong></span> <span class='ocrx_word' id='word_1_255' title='bbox 1624 2326 1678 2368; x_wconf 89' lang='lat' dir='ltr'><strong>eur</strong></span> <span class='ocrx_word' id='word_1_256' title='bbox 1691 2312 1728 2369; x_wconf 86' lang='lat' dir='ltr'><strong>sit</strong></span> <span class='ocrx_word' id='word_1_257' title='bbox 1741 2330 1794 2387; x_wconf 90' lang='lat' dir='ltr'><strong>po·</strong></span> 
     </span>
     <span class='ocr_line' id='line_1_23' title="bbox 82 2389 1793 2465; baseline 0.008 -19"><span class='ocrx_word' id='word_1_258' title='bbox 82 2392 108 2465; x_wconf 82' lang='lat' dir='ltr'><strong>ej</strong></span> <span class='ocrx_word' id='word_1_259' title='bbox 114 2409 148 2448; x_wconf 89' lang='lat' dir='ltr'><strong>us</strong></span> <span class='ocrx_word' id='word_1_260' title='bbox 157 2392 271 2458; x_wconf 89' lang='lat' dir='ltr'><strong>remsit,</strong></span> <span class='ocrx_word' id='word_1_261' title='bbox 285 2390 435 2448; x_wconf 89' lang='lat' dir='ltr'><strong>mandans</strong></span> <span class='ocrx_word' id='word_1_262' title='bbox 450 2406 482 2446; x_wconf 93' lang='lat' dir='ltr'><strong>se</strong></span> <span class='ocrx_word' id='word_1_263' title='bbox 491 2390 573 2447; x_wconf 91' lang='lat' dir='ltr'><strong>nulla</strong></span> <span class='ocrx_word' id='word_1_264' title='bbox 586 2392 712 2457; x_wconf 89' lang='lat' dir='ltr'><strong>ratione,</strong></span> <span class='ocrx_word' id='word_1_265' title='bbox 725 2389 808 2447; x_wconf 90' lang='lat' dir='ltr'><strong>nullo</strong></span> <span class='ocrx_word' id='word_1_266' title='bbox 825 2394 913 2462; x_wconf 88' lang='lat' dir='ltr'><strong>pacto</strong></span> <span class='ocrx_word' id='word_1_267' title='bbox 967 2390 1109 2463; x_wconf 87' lang='lat' dir='ltr'><strong>pulcrum</strong></span> <span class='ocrx_word' id='word_1_268' title='bbox 1123 2390 1177 2447; x_wconf 90' lang='lat' dir='ltr'><strong>iste</strong></span> <span class='ocrx_word' id='word_1_269' title='bbox 1187 2389 1343 2461; x_wconf 87' lang='lat' dir='ltr'><strong>tumultus,</strong></span> <span class='ocrx_word' id='word_1_270' title='bbox 1356 2408 1421 2449; x_wconf 88' lang='lat' dir='ltr'><strong>eum</strong></span> <span class='ocrx_word' id='word_1_271' title='bbox 1436 2403 1551 2454; x_wconf 85' lang='lat' dir='ltr'><strong>constet</strong></span> <span class='ocrx_word' id='word_1_272' title='bbox 1566 2398 1707 2456; x_wconf 90' lang='lat' dir='ltr'><strong>omnibus</strong></span> <span class='ocrx_word' id='word_1_273' title='bbox 1736 2401 1793 2459; x_wconf 89' lang='lat' dir='ltr'><strong>has</strong></span> 
     </span>
     <span class='ocr_line' id='line_1_24' title="bbox 83 2477 1795 2553; baseline 0.007 -16"><span class='ocrx_word' id='word_1_274' title='bbox 83 2479 159 2538; x_wconf 87' lang='lat' dir='ltr'><strong>lerre</strong></span> <span class='ocrx_word' id='word_1_275' title='bbox 173 2493 271 2553; x_wconf 85' lang='lat' dir='ltr'><strong>posse,</strong></span> <span class='ocrx_word' id='word_1_276' title='bbox 288 2482 320 2535; x_wconf 91' lang='lat' dir='ltr'><strong>ut</strong></span> <span class='ocrx_word' id='word_1_277' title='bbox 335 2478 431 2536; x_wconf 87' lang='lat' dir='ltr'><strong>abbas</strong></span> <span class='ocrx_word' id='word_1_278' title='bbox 444 2478 482 2534; x_wconf 89' lang='lat' dir='ltr'><strong>ab</strong></span> <span class='ocrx_word' id='word_1_279' title='bbox 493 2479 674 2551; x_wconf 89' lang='lat' dir='ltr'><strong>imperatore</strong></span> <span class='ocrx_word' id='word_1_280' title='bbox 687 2479 867 2535; x_wconf 86' lang='lat' dir='ltr'><strong>constitutus</strong></span> <span class='ocrx_word' id='word_1_281' title='bbox 882 2477 914 2533; x_wconf 93' lang='lat' dir='ltr'><strong>in</strong></span> <span class='ocrx_word' id='word_1_282' title='bbox 967 2479 1073 2553; x_wconf 78' lang='lat' dir='ltr'><strong>pinges</strong></span> <span class='ocrx_word' id='word_1_283' title='bbox 1084 2478 1284 2537; x_wconf 85' lang='lat' dir='ltr'><strong>incolentibus</strong></span> <span class='ocrx_word' id='word_1_284' title='bbox 1295 2495 1361 2538; x_wconf 87' lang='lat' dir='ltr'><strong>esse</strong></span> <span class='ocrx_word' id='word_1_285' title='bbox 1373 2483 1560 2541; x_wconf 90' lang='lat' dir='ltr'><strong>notissimum</strong></span> <span class='ocrx_word' id='word_1_286' title='bbox 1574 2487 1613 2543; x_wconf 75' lang='lat' dir='ltr'><strong>t»</strong></span> <span class='ocrx_word' id='word_1_287' title='bbox 1643 2490 1697 2546; x_wconf 88' lang='lat' dir='ltr'><strong>Cui</strong></span> <span class='ocrx_word' id='word_1_288' title='bbox 1722 2505 1795 2550; x_wconf 88' lang='lat' dir='ltr'><strong>eum</strong></span> 
     </span>
     <span class='ocr_line' id='line_1_25' title="bbox 83 2565 1795 2645; baseline 0.007 -20"><span class='ocrx_word' id='word_1_289' title='bbox 83 2568 238 2627; x_wconf 80' lang='lat' dir='ltr'><strong>casinensi</strong></span> <span class='ocrx_word' id='word_1_290' title='bbox 249 2566 387 2624; x_wconf 84' lang='lat' dir='ltr'><strong>eoenobio</strong></span> <span class='ocrx_word' id='word_1_291' title='bbox 399 2573 566 2624; x_wconf 88' lang='lat' dir='ltr'><strong>remaneret</strong></span> <span class='ocrx_word' id='word_1_292' title='bbox 581 2565 913 2640; x_wconf 86' lang='lat' dir='ltr'><strong>;qniuimmosialiquo</strong></span> <span class='ocrx_word' id='word_1_293' title='bbox 966 2568 1016 2625; x_wconf 89' lang='lat' dir='ltr'><strong>iile</strong></span> <span class='ocrx_word' id='word_1_294' title='bbox 1029 2567 1071 2624; x_wconf 87' lang='lat' dir='ltr'><strong>nil</strong></span> <span class='ocrx_word' id='word_1_295' title='bbox 1084 2568 1193 2625; x_wconf 86' lang='lat' dir='ltr'><strong>horum</strong></span> <span class='ocrx_word' id='word_1_296' title='bbox 1205 2583 1237 2624; x_wconf 86' lang='lat' dir='ltr'><strong>se</strong></span> <span class='ocrx_word' id='word_1_297' title='bbox 1260 2584 1349 2627; x_wconf 84' lang='lat' dir='ltr'><strong>nosse</strong></span> <span class='ocrx_word' id='word_1_298' title='bbox 1372 2574 1587 2645; x_wconf 88' lang='lat' dir='ltr'><strong>respondisset,</strong></span> <span class='ocrx_word' id='word_1_299' title='bbox 1608 2577 1649 2634; x_wconf 91' lang='lat' dir='ltr'><strong>ait</strong></span> <span class='ocrx_word' id='word_1_300' title='bbox 1666 2595 1674 2633; x_wconf 78' lang='lat' dir='ltr'><strong>e</strong></span> <span class='ocrx_word' id='word_1_301' title='bbox 1698 2600 1709 2630; x_wconf 79' lang='grc' dir='ltr'>ι</span> <span class='ocrx_word' id='word_1_302' title='bbox 1733 2581 1795 2636; x_wconf 86' lang='lat' dir='ltr'><strong>ilex</strong></span> 
     </span>
     <span class='ocr_line' id='line_1_26' title="bbox 84 2654 1794 2732; baseline 0.006 -19"><span class='ocrx_word' id='word_1_303' title='bbox 84 2657 177 2714; x_wconf 91' lang='lat' dir='ltr'><strong>modo</strong></span> <span class='ocrx_word' id='word_1_304' title='bbox 189 2656 270 2713; x_wconf 91' lang='lat' dir='ltr'><strong>idem</strong></span> <span class='ocrx_word' id='word_1_305' title='bbox 284 2655 449 2713; x_wconf 85' lang='lat' dir='ltr'><strong>Guibeldus</strong></span> <span class='ocrx_word' id='word_1_306' title='bbox 460 2656 492 2711; x_wconf 90' lang='lat' dir='ltr'><strong>in</strong></span> <span class='ocrx_word' id='word_1_307' title='bbox 509 2654 603 2729; x_wconf 87' lang='lat' dir='ltr'><strong>ipsius</strong></span> <span class='ocrx_word' id='word_1_308' title='bbox 620 2655 763 2712; x_wconf 87' lang='lat' dir='ltr'><strong>munibus</strong></span> <span class='ocrx_word' id='word_1_309' title='bbox 792 2655 913 2725; x_wconf 81' lang='lat' dir='ltr'><strong>veniret,</strong></span> <span class='ocrx_word' id='word_1_310' title='bbox 968 2656 1131 2727; x_wconf 74' lang='lat' dir='ltr'><strong>ltoggerius</strong></span> <span class='ocrx_word' id='word_1_311' title='bbox 1142 2657 1337 2728; x_wconf 89' lang='lat' dir='ltr'><strong>nupernobis</strong></span> <span class='ocrx_word' id='word_1_312' title='bbox 1350 2660 1480 2717; x_wconf 86' lang='lat' dir='ltr'><strong>minatus</strong></span> <span class='ocrx_word' id='word_1_313' title='bbox 1490 2666 1584 2732; x_wconf 90' lang='lat' dir='ltr'><strong>est‚se</strong></span> <span class='ocrx_word' id='word_1_314' title='bbox 1594 2671 1623 2722; x_wconf 89' lang='lat' dir='ltr'><strong>et</strong></span> <span class='ocrx_word' id='word_1_315' title='bbox 1633 2666 1794 2723; x_wconf 77' lang='lat' dir='ltr'><strong>casinense</strong></span> 
     </span>
     <span class='ocr_line' id='line_1_27' title="bbox 83 2743 1796 2821; baseline 0.006 -19"><span class='ocrx_word' id='word_1_316' title='bbox 83 2745 201 2819; x_wconf 87' lang='lat' dir='ltr'><strong>absque</strong></span> <span class='ocrx_word' id='word_1_317' title='bbox 213 2744 308 2802; x_wconf 89' lang='lat' dir='ltr'><strong>dubio</strong></span> <span class='ocrx_word' id='word_1_318' title='bbox 320 2744 430 2818; x_wconf 85' lang='lat' dir='ltr'><strong>laqueo</strong></span> <span class='ocrx_word' id='word_1_319' title='bbox 453 2759 635 2817; x_wconf 89' lang='lat' dir='ltr'><strong>suspensum</strong></span> <span class='ocrx_word' id='word_1_320' title='bbox 664 2749 792 2801; x_wconf 81' lang='lat' dir='ltr'><strong>necaret</strong></span> <span class='ocrx_word' id='word_1_321' title='bbox 813 2743 913 2800; x_wconf 83' lang='lat' dir='ltr'><strong>Tantis</strong></span> <span class='ocrx_word' id='word_1_322' title='bbox 969 2747 1182 2801; x_wconf 85' lang='lat' dir='ltr'><strong>monesterium</strong></span> <span class='ocrx_word' id='word_1_323' title='bbox 1201 2750 1229 2801; x_wconf 89' lang='lat' dir='ltr'><strong>ct</strong></span> <span class='ocrx_word' id='word_1_324' title='bbox 1241 2751 1477 2805; x_wconf 88' lang='lat' dir='ltr'><strong>omnemterram</strong></span> <span class='ocrx_word' id='word_1_325' title='bbox 1485 2750 1672 2821; x_wconf 85' lang='lat' dir='ltr'><strong>adjacentem</strong></span> <span class='ocrx_word' id='word_1_326' title='bbox 1682 2755 1796 2812; x_wconf 89' lang='lat' dir='ltr'><strong>destru-</strong></span> 
     </span>
     <span class='ocr_line' id='line_1_28' title="bbox 83 2833 1794 2917; baseline 0.005 -25"><span class='ocrx_word' id='word_1_327' title='bbox 83 2836 185 2906; x_wconf 87' lang='lat' dir='ltr'><strong>iteque</strong></span> <span class='ocrx_word' id='word_1_328' title='bbox 197 2851 232 2891; x_wconf 89' lang='lat' dir='ltr'><strong>ae</strong></span> <span class='ocrx_word' id='word_1_329' title='bbox 244 2834 355 2891; x_wconf 85' lang='lat' dir='ltr'><strong>talibus</strong></span> <span class='ocrx_word' id='word_1_330' title='bbox 367 2835 457 2891; x_wconf 90' lang='lat' dir='ltr'><strong>minis</strong></span> <span class='ocrx_word' id='word_1_331' title='bbox 473 2833 638 2892; x_wconf 85' lang='lat' dir='ltr'><strong>Guibaldns</strong></span> <span class='ocrx_word' id='word_1_332' title='bbox 659 2833 839 2906; x_wconf 88' lang='lat' dir='ltr'><strong>perterritus,</strong></span> <span class='ocrx_word' id='word_1_333' title='bbox 862 2834 915 2890; x_wconf 85' lang='lat' dir='ltr'><strong>Ca·</strong></span> <span class='ocrx_word' id='word_1_334' title='bbox 968 2839 1086 2890; x_wconf 88' lang='lat' dir='ltr'><strong>eturum</strong></span> <span class='ocrx_word' id='word_1_335' title='bbox 1103 2849 1111 2889; x_wconf 72' lang='grc' dir='ltr'><strong>ε</strong></span> <span class='ocrx_word' id='word_1_336' title='bbox 1127 2838 1171 2890; x_wconf 91' lang='lat' dir='ltr'><strong>set</strong></span> <span class='ocrx_word' id='word_1_337' title='bbox 1184 2834 1459 2906; x_wconf 83' lang='lat' dir='ltr'><strong>omnipotentisitei</strong></span> <span class='ocrx_word' id='word_1_338' title='bbox 1473 2839 1679 2899; x_wconf 87' lang='lat' dir='ltr'><strong>misericordia</strong></span> <span class='ocrx_word' id='word_1_339' title='bbox 1693 2842 1794 2917; x_wconf 77' lang='lat' dir='ltr'><strong>plaee-</strong></span> 
     </span>
     <span class='ocr_line' id='line_1_29' title="bbox 85 2920 1795 2992; baseline 0.005 -13"><span class='ocrx_word' id='word_1_340' title='bbox 85 2922 206 2980; x_wconf 88' lang='lat' dir='ltr'><strong>sinense</strong></span> <span class='ocrx_word' id='word_1_341' title='bbox 217 2922 389 2979; x_wconf 87' lang='lat' dir='ltr'><strong>eoenobium</strong></span> <span class='ocrx_word' id='word_1_342' title='bbox 405 2921 549 2980; x_wconf 80' lang='lat' dir='ltr'><strong>baudulfo</strong></span> <span class='ocrx_word' id='word_1_343' title='bbox 562 2922 600 2978; x_wconf 91' lang='lat' dir='ltr'><strong>de</strong></span> <span class='ocrx_word' id='word_1_344' title='bbox 615 2927 719 2978; x_wconf 87' lang='lat' dir='ltr'><strong>saneto</strong></span> <span class='ocrx_word' id='word_1_345' title='bbox 732 2920 914 2978; x_wconf 80' lang='lat' dir='ltr'><strong>iohannead</strong></span> <span class='ocrx_word' id='word_1_346' title='bbox 968 2927 1018 2978; x_wconf 90' lang='lat' dir='ltr'><strong>tus</strong></span> <span class='ocrx_word' id='word_1_347' title='bbox 1033 2928 1191 2992; x_wconf 76' lang='lat' dir='ltr'><strong>treuguam</strong></span> <span class='ocrx_word' id='word_1_348' title='bbox 1204 2921 1291 2978; x_wconf 91' lang='lat' dir='ltr'><strong>nobis</strong></span> <span class='ocrx_word' id='word_1_349' title='bbox 1306 2924 1460 2991; x_wconf 81' lang='lat' dir='ltr'><strong>concessit,</strong></span> <span class='ocrx_word' id='word_1_350' title='bbox 1471 2932 1500 2983; x_wconf 93' lang='lat' dir='ltr'><strong>et</strong></span> <span class='ocrx_word' id='word_1_351' title='bbox 1511 2926 1581 2984; x_wconf 88' lang='lat' dir='ltr'><strong>inde</strong></span> <span class='ocrx_word' id='word_1_352' title='bbox 1593 2935 1636 2985; x_wconf 90' lang='lat' dir='ltr'><strong>est</strong></span> <span class='ocrx_word' id='word_1_353' title='bbox 1648 2932 1795 2988; x_wconf 88' lang='lat' dir='ltr'><strong>tumultus</strong></span> 
     </span>
     <span class='ocr_line' id='line_1_30' title="bbox 87 3009 1795 3086; baseline 0.009 -17"><span class='ocrx_word' id='word_1_354' title='bbox 87 3009 914 3085; x_wconf 82' lang='lat' dir='ltr'><strong>custodiendumrelinquens,quartoilonasllorembris‚</strong></span> <span class='ocrx_word' id='word_1_355' title='bbox 968 3013 1023 3070; x_wconf 90' lang='lat' dir='ltr'><strong>iste</strong></span> <span class='ocrx_word' id='word_1_356' title='bbox 1036 3026 1129 3085; x_wconf 91' lang='lat' dir='ltr'><strong>quam</strong></span> <span class='ocrx_word' id='word_1_357' title='bbox 1144 3011 1242 3079; x_wconf 84' lang='lat' dir='ltr'><strong>audis,</strong></span> <span class='ocrx_word' id='word_1_358' title='bbox 1255 3026 1321 3069; x_wconf 90' lang='lat' dir='ltr'><strong>eum</strong></span> <span class='ocrx_word' id='word_1_359' title='bbox 1334 3027 1448 3086; x_wconf 83' lang='lat' dir='ltr'><strong>eaquae</strong></span> <span class='ocrx_word' id='word_1_360' title='bbox 1462 3015 1503 3072; x_wconf 90' lang='lat' dir='ltr'><strong>ob</strong></span> <span class='ocrx_word' id='word_1_361' title='bbox 1519 3016 1653 3074; x_wconf 88' lang='lat' dir='ltr'><strong>timorem</strong></span> <span class='ocrx_word' id='word_1_362' title='bbox 1668 3018 1745 3077; x_wconf 83' lang='lat' dir='ltr'><strong>illius</strong></span> <span class='ocrx_word' id='word_1_363' title='bbox 1762 3022 1795 3080; x_wconf 81' lang='lat' dir='ltr'><strong>itt</strong></span> 
     </span>
     <span class='ocr_line' id='line_1_31' title="bbox 85 3099 1796 3184; baseline 0.007 -27"><span class='ocrx_word' id='word_1_364' title='bbox 85 3101 187 3158; x_wconf 90' lang='lat' dir='ltr'><strong>inseiis</strong></span> <span class='ocrx_word' id='word_1_365' title='bbox 203 3099 356 3171; x_wconf 80' lang='lat' dir='ltr'><strong>iratribus,</strong></span> <span class='ocrx_word' id='word_1_366' title='bbox 384 3100 505 3170; x_wconf 76' lang='lat' dir='ltr'><strong>eodem</strong></span> <span class='ocrx_word' id='word_1_367' title='bbox 521 3100 668 3158; x_wconf 76' lang='lat' dir='ltr'><strong>baudulfo</strong></span> <span class='ocrx_word' id='word_1_368' title='bbox 691 3099 748 3156; x_wconf 89' lang='lat' dir='ltr'><strong>sibi</strong></span> <span class='ocrx_word' id='word_1_369' title='bbox 769 3100 915 3157; x_wconf 84' lang='lat' dir='ltr'><strong>ducatum</strong></span> <span class='ocrx_word' id='word_1_370' title='bbox 969 3101 1124 3160; x_wconf 84' lang='lat' dir='ltr'><strong>casinensi</strong></span> <span class='ocrx_word' id='word_1_371' title='bbox 1138 3099 1321 3158; x_wconf 88' lang='lat' dir='ltr'><strong>monastario</strong></span> <span class='ocrx_word' id='word_1_372' title='bbox 1334 3100 1796 3184; x_wconf 81' lang='lat' dir='ltr'><strong>flendodelataiuerantapopu·</strong></span> 
     </span>
     <span class='ocr_line' id='line_1_32' title="bbox 84 3189 1796 3267; baseline 0.009 -24"><span class='ocrx_word' id='word_1_373' title='bbox 84 3191 246 3265; x_wconf 82' lang='lat' dir='ltr'><strong>praebente,</strong></span> <span class='ocrx_word' id='word_1_374' title='bbox 262 3198 410 3248; x_wconf 82' lang='lat' dir='ltr'><strong>nocturno</strong></span> <span class='ocrx_word' id='word_1_375' title='bbox 421 3189 774 3263; x_wconf 71' lang='lat' dir='ltr'><strong>temporcreeessitdans</strong></span> <span class='ocrx_word' id='word_1_376' title='bbox 787 3195 915 3262; x_wconf 89' lang='lat' dir='ltr'><strong>potesta-</strong></span> <span class='ocrx_word' id='word_1_377' title='bbox 968 3190 1006 3258; x_wconf 91' lang='lat' dir='ltr'><strong>lo,</strong></span> <span class='ocrx_word' id='word_1_378' title='bbox 1023 3189 1184 3260; x_wconf 72' lang='lat' dir='ltr'><strong>gaudendo</strong></span> <span class='ocrx_word' id='word_1_379' title='bbox 1194 3195 1390 3261; x_wconf 87' lang='lat' dir='ltr'><strong>reportantur.</strong></span> <span class='ocrx_word' id='word_1_380' title='bbox 1406 3190 1479 3247; x_wconf 81' lang='lat' dir='ltr'><strong>»llis</strong></span> <span class='ocrx_word' id='word_1_381' title='bbox 1493 3207 1576 3267; x_wconf 76' lang='lat' dir='ltr'><strong>saepe</strong></span> <span class='ocrx_word' id='word_1_382' title='bbox 1590 3195 1684 3252; x_wconf 88' lang='lat' dir='ltr'><strong>dietus</strong></span> <span class='ocrx_word' id='word_1_383' title='bbox 1706 3197 1796 3258; x_wconf 84' lang='lat' dir='ltr'><strong>frater</strong></span> 
     </span>
     <span class='ocr_line' id='line_1_33' title="bbox 84 3252 1796 3353; baseline 0.015 -35"><span class='ocrx_word' id='word_1_384' title='bbox 84 3284 146 3337; x_wconf 60' lang='lat' dir='ltr'><strong>tem</strong></span> <span class='ocrx_word' id='word_1_385' title='bbox 161 3276 303 3335; x_wconf 51' lang='lat' dir='ltr'><strong>fratribus</strong></span> <span class='ocrx_word' id='word_1_386' title='bbox 319 3276 446 3348; x_wconf 72' lang='lat' dir='ltr'><strong>eligendi</strong></span> <span class='ocrx_word' id='word_1_387' title='bbox 458 3292 550 3350; x_wconf 89' lang='lat' dir='ltr'><strong>quem</strong></span> <span class='ocrx_word' id='word_1_388' title='bbox 565 3277 788 3347; x_wconf 72' lang='lat' dir='ltr'><strong>vellent(l659).</strong></span> <span class='ocrx_word' id='word_1_389' title='bbox 930 3252 953 3313; x_wconf 74' lang='lat' dir='ltr'>C</span> <span class='ocrx_word' id='word_1_390' title='bbox 969 3276 1092 3344; x_wconf 88' lang='lat' dir='ltr'><strong>auditis,</strong></span> <span class='ocrx_word' id='word_1_391' title='bbox 1107 3277 1263 3346; x_wconf 77' lang='lat' dir='ltr'><strong>ingemuit,</strong></span> <span class='ocrx_word' id='word_1_392' title='bbox 1278 3283 1369 3349; x_wconf 89' lang='lat' dir='ltr'><strong>atqua</strong></span> <span class='ocrx_word' id='word_1_393' title='bbox 1380 3293 1418 3335; x_wconf 84' lang='lat' dir='ltr'><strong>ex</strong></span> <span class='ocrx_word' id='word_1_394' title='bbox 1429 3279 1536 3337; x_wconf 80' lang='lat' dir='ltr'><strong>inumo</strong></span> <span class='ocrx_word' id='word_1_395' title='bbox 1552 3281 1644 3353; x_wconf 72' lang='lat' dir='ltr'><strong>longa</strong></span> <span class='ocrx_word' id='word_1_396' title='bbox 1674 3285 1796 3343; x_wconf 83' lang='lat' dir='ltr'><strong>trahens</strong></span> 
     </span>
     <span class='ocr_line' id='line_1_34' title="bbox 121 3363 1796 3444; baseline 0.008 -23"><span class='ocrx_word' id='word_1_397' title='bbox 121 3366 185 3422; x_wconf 77' lang='lat' dir='ltr'><strong>tae.</strong></span> <span class='ocrx_word' id='word_1_398' title='bbox 201 3368 269 3423; x_wconf 87' lang='lat' dir='ltr'><strong>lam</strong></span> <span class='ocrx_word' id='word_1_399' title='bbox 284 3365 809 3423; x_wconf 84' lang='lat' dir='ltr'><strong>duodecimdiesaGuibaldirecessu</strong></span> <span class='ocrx_word' id='word_1_400' title='bbox 821 3370 916 3422; x_wconf 90' lang='lat' dir='ltr'><strong>trans·</strong></span> <span class='ocrx_word' id='word_1_401' title='bbox 969 3367 1108 3440; x_wconf 89' lang='lat' dir='ltr'><strong>suspiria,</strong></span> <span class='ocrx_word' id='word_1_402' title='bbox 1118 3366 1197 3422; x_wconf 88' lang='lat' dir='ltr'><strong>bunc</strong></span> <span class='ocrx_word' id='word_1_403' title='bbox 1205 3363 1351 3437; x_wconf 87' lang='lat' dir='ltr'><strong>psalmum</strong></span> <span class='ocrx_word' id='word_1_404' title='bbox 1362 3365 1526 3426; x_wconf 84' lang='lat' dir='ltr'><strong>decantare</strong></span> <span class='ocrx_word' id='word_1_405' title='bbox 1538 3374 1627 3444; x_wconf 80' lang='lat' dir='ltr'><strong>erepit</strong></span> <span class='ocrx_word' id='word_1_406' title='bbox 1639 3375 1796 3434; x_wconf 85' lang='lat' dir='ltr'><strong>eumlaeti·</strong></span> 
     </span>
     <span class='ocr_line' id='line_1_35' title="bbox 85 3453 1795 3526; baseline 0.006 -14"><span class='ocrx_word' id='word_1_407' title='bbox 85 3456 182 3513; x_wconf 88' lang='lat' dir='ltr'><strong>ierant</strong></span> <span class='ocrx_word' id='word_1_408' title='bbox 196 3474 203 3523; x_wconf 92' lang='lat'>;</span> <span class='ocrx_word' id='word_1_409' title='bbox 217 3470 288 3511; x_wconf 88' lang='lat' dir='ltr'><strong>eum</strong></span> <span class='ocrx_word' id='word_1_410' title='bbox 302 3453 408 3512; x_wconf 76' lang='lat' dir='ltr'><strong>trabes</strong></span> <span class='ocrx_word' id='word_1_411' title='bbox 422 3454 633 3512; x_wconf 80' lang='lat' dir='ltr'><strong>convenientes</strong></span> <span class='ocrx_word' id='word_1_412' title='bbox 642 3454 673 3510; x_wconf 92' lang='lat' dir='ltr'><strong>in</strong></span> <span class='ocrx_word' id='word_1_413' title='bbox 685 3469 790 3518; x_wconf 87' lang='lat' dir='ltr'><strong>unum,</strong></span> <span class='ocrx_word' id='word_1_414' title='bbox 813 3454 915 3526; x_wconf 83' lang='lat' dir='ltr'><strong>etspi·</strong></span> <span class='ocrx_word' id='word_1_415' title='bbox 969 3457 1042 3513; x_wconf 88' lang='lat' dir='ltr'><strong>mis:</strong></span> <span class='ocrx_word' id='word_1_416' title='bbox 1052 3454 1509 3521; x_wconf 74' lang='lat' dir='ltr'><strong>etudieame,Deus,etdisearnc</strong></span> <span class='ocrx_word' id='word_1_417' title='bbox 1522 3475 1647 3518; x_wconf 85' lang='lat' dir='ltr'><strong>oausam</strong></span> <span class='ocrx_word' id='word_1_418' title='bbox 1655 3467 1795 3523; x_wconf 87' lang='lat' dir='ltr'><strong>meamde</strong></span> 
     </span>
     <span class='ocr_line' id='line_1_36' title="bbox 84 3541 1796 3623; baseline 0.005 -22"><span class='ocrx_word' id='word_1_419' title='bbox 84 3543 159 3602; x_wconf 90' lang='lat' dir='ltr'><strong>ritus</strong></span> <span class='ocrx_word' id='word_1_420' title='bbox 170 3542 267 3600; x_wconf 88' lang='lat' dir='ltr'><strong>saneti</strong></span> <span class='ocrx_word' id='word_1_421' title='bbox 279 3544 374 3613; x_wconf 79' lang='lat' dir='ltr'><strong>grstia</strong></span> <span class='ocrx_word' id='word_1_422' title='bbox 387 3543 538 3610; x_wconf 83' lang='lat' dir='ltr'><strong>invocata,</strong></span> <span class='ocrx_word' id='word_1_423' title='bbox 550 3542 703 3612; x_wconf 79' lang='lat' dir='ltr'><strong>elegerunt</strong></span> <span class='ocrx_word' id='word_1_424' title='bbox 725 3541 916 3615; x_wconf 78' lang='lat' dir='ltr'><strong>Raynaldum</strong></span> <span class='ocrx_word' id='word_1_425' title='bbox 969 3549 1057 3615; x_wconf 76' lang='lat' dir='ltr'><strong>gente</strong></span> <span class='ocrx_word' id='word_1_426' title='bbox 1071 3555 1132 3598; x_wconf 91' lang='lat' dir='ltr'><strong>non</strong></span> <span class='ocrx_word' id='word_1_427' title='bbox 1143 3547 1247 3598; x_wconf 88' lang='lat' dir='ltr'><strong>saneta</strong></span> <span class='ocrx_word' id='word_1_428' title='bbox 1257 3541 1352 3614; x_wconf 71' lang='lat' dir='ltr'><strong>(Psoi,</strong></span> <span class='ocrx_word' id='word_1_429' title='bbox 1363 3559 1430 3611; x_wconf 72' lang='lat' dir='ltr'><strong>serr,</strong></span> <span class='ocrx_word' id='word_1_430' title='bbox 1445 3546 1473 3616; x_wconf 92' lang='grc'><strong>1)</strong></span> <span class='ocrx_word' id='word_1_431' title='bbox 1486 3563 1493 3616; x_wconf 87' lang='grc'><strong>;</strong></span> <span class='ocrx_word' id='word_1_432' title='bbox 1509 3566 1524 3599; x_wconf 78' lang='lat' dir='ltr'><strong>e</strong></span> <span class='ocrx_word' id='word_1_433' title='bbox 1539 3563 1669 3623; x_wconf 89' lang='lat' dir='ltr'><strong>cumque</strong></span> <span class='ocrx_word' id='word_1_434' title='bbox 1682 3568 1796 3609; x_wconf 77' lang='lat' dir='ltr'><strong>versum</strong></span> 
     </span>
     <span class='ocr_line' id='line_1_37' title="bbox 86 3629 1795 3715; baseline 0.004 -27"><span class='ocrx_word' id='word_1_435' title='bbox 86 3631 192 3705; x_wconf 81' lang='lat'><strong>(1660),</strong></span> <span class='ocrx_word' id='word_1_436' title='bbox 205 3631 342 3704; x_wconf 78' lang='lat' dir='ltr'><strong>eiusdem</strong></span> <span class='ocrx_word' id='word_1_437' title='bbox 357 3631 485 3688; x_wconf 79' lang='lat' dir='ltr'><strong>coenobii</strong></span> <span class='ocrx_word' id='word_1_438' title='bbox 499 3631 695 3698; x_wconf 87' lang='lat' dir='ltr'><strong>monachum,</strong></span> <span class='ocrx_word' id='word_1_439' title='bbox 704 3631 801 3686; x_wconf 84' lang='lat' dir='ltr'><strong>virum</strong></span> <span class='ocrx_word' id='word_1_440' title='bbox 816 3631 917 3703; x_wconf 91' lang='lat' dir='ltr'><strong>utique</strong></span> <span class='ocrx_word' id='word_1_441' title='bbox 970 3630 1055 3686; x_wconf 88' lang='lat' dir='ltr'><strong>illum</strong></span> <span class='ocrx_word' id='word_1_442' title='bbox 1067 3631 1120 3703; x_wconf 89' lang='lat' dir='ltr'><strong>qui</strong></span> <span class='ocrx_word' id='word_1_443' title='bbox 1129 3629 1253 3686; x_wconf 88' lang='lat' dir='ltr'><strong>dicitur:</strong></span> <span class='ocrx_word' id='word_1_444' title='bbox 1271 3652 1282 3682; x_wconf 80' lang='grc' dir='ltr'>ι</span> <span class='ocrx_word' id='word_1_445' title='bbox 1296 3632 1505 3692; x_wconf 83' lang='lat' dir='ltr'><strong>lirnittelueem</strong></span> <span class='ocrx_word' id='word_1_446' title='bbox 1521 3639 1605 3693; x_wconf 93' lang='lat' dir='ltr'><strong>tuam</strong></span> <span class='ocrx_word' id='word_1_447' title='bbox 1617 3640 1718 3709; x_wconf 75' lang='lat' dir='ltr'><strong>(ibid,</strong></span> <span class='ocrx_word' id='word_1_448' title='bbox 1729 3642 1795 3715; x_wconf 78' lang='lat'><strong>3),»</strong></span> 
     </span>
     <span class='ocr_line' id='line_1_38' title="bbox 86 3716 1795 3788; baseline 0.015 -15"><span class='ocrx_word' id='word_1_449' title='bbox 86 3719 203 3785; x_wconf 83' lang='lat' dir='ltr'><strong>habitu,</strong></span> <span class='ocrx_word' id='word_1_450' title='bbox 219 3720 338 3777; x_wconf 86' lang='lat' dir='ltr'><strong>incessu</strong></span> <span class='ocrx_word' id='word_1_451' title='bbox 352 3727 382 3777; x_wconf 89' lang='lat' dir='ltr'><strong>et</strong></span> <span class='ocrx_word' id='word_1_452' title='bbox 395 3719 526 3777; x_wconf 88' lang='lat' dir='ltr'><strong>moribus</strong></span> <span class='ocrx_word' id='word_1_453' title='bbox 538 3718 795 3783; x_wconf 86' lang='lat' dir='ltr'><strong>honestissimum,</strong></span> <span class='ocrx_word' id='word_1_454' title='bbox 816 3722 845 3774; x_wconf 90' lang='lat' dir='ltr'><strong>et</strong></span> <span class='ocrx_word' id='word_1_455' title='bbox 870 3718 916 3774; x_wconf 92' lang='lat' dir='ltr'><strong>di·</strong></span> <span class='ocrx_word' id='word_1_456' title='bbox 969 3731 1076 3772; x_wconf 77' lang='lat' dir='ltr'><strong>canere</strong></span> <span class='ocrx_word' id='word_1_457' title='bbox 1090 3716 1239 3788; x_wconf 69' lang='lat' dir='ltr'><strong>coepissseb</strong></span> <span class='ocrx_word' id='word_1_458' title='bbox 1256 3716 1361 3784; x_wconf 88' lang='lat' dir='ltr'><strong>subito,</strong></span> <span class='ocrx_word' id='word_1_459' title='bbox 1374 3720 1510 3779; x_wconf 86' lang='lat' dir='ltr'><strong>mirabile</strong></span> <span class='ocrx_word' id='word_1_460' title='bbox 1524 3723 1603 3780; x_wconf 64' lang='lat' dir='ltr'><strong>diem</strong></span> <span class='ocrx_word' id='word_1_461' title='bbox 1628 3728 1635 3783; x_wconf 72' lang='grc' dir='ltr'>ί</span> <span class='ocrx_word' id='word_1_462' title='bbox 1651 3726 1795 3788; x_wconf 63' lang='lat' dir='ltr'><strong>imment&amp;</strong></span> 
     </span>
     <span class='ocr_line' id='line_1_39' title="bbox 87 3804 1797 3890; baseline 0.005 -24"><span class='ocrx_word' id='word_1_463' title='bbox 87 3808 158 3867; x_wconf 84' lang='lat' dir='ltr'><strong>vina</strong></span> <span class='ocrx_word' id='word_1_464' title='bbox 173 3808 369 3880; x_wconf 87' lang='lat' dir='ltr'><strong>humanaque</strong></span> <span class='ocrx_word' id='word_1_465' title='bbox 380 3807 504 3865; x_wconf 87' lang='lat' dir='ltr'><strong>scientia</strong></span> <span class='ocrx_word' id='word_1_466' title='bbox 517 3807 641 3865; x_wconf 89' lang='lat' dir='ltr'><strong>clarum.</strong></span> <span class='ocrx_word' id='word_1_467' title='bbox 659 3806 709 3862; x_wconf 84' lang='lat' dir='ltr'><strong>ilie</strong></span> <span class='ocrx_word' id='word_1_468' title='bbox 719 3806 821 3879; x_wconf 90' lang='lat' dir='ltr'><strong>itaque</strong></span> <span class='ocrx_word' id='word_1_469' title='bbox 834 3805 918 3862; x_wconf 91' lang='lat' dir='ltr'><strong>nobi-</strong></span> <span class='ocrx_word' id='word_1_470' title='bbox 970 3804 1138 3861; x_wconf 82' lang='lat' dir='ltr'><strong>coruscatio</strong></span> <span class='ocrx_word' id='word_1_471' title='bbox 1147 3818 1238 3876; x_wconf 88' lang='lat' dir='ltr'><strong>super</strong></span> <span class='ocrx_word' id='word_1_472' title='bbox 1251 3819 1320 3862; x_wconf 89' lang='lat' dir='ltr'><strong>eum</strong></span> <span class='ocrx_word' id='word_1_473' title='bbox 1334 3807 1500 3874; x_wconf 85' lang='lat' dir='ltr'><strong>deseendit,</strong></span> <span class='ocrx_word' id='word_1_474' title='bbox 1510 3810 1588 3868; x_wconf 89' lang='lat' dir='ltr'><strong>adeo</strong></span> <span class='ocrx_word' id='word_1_475' title='bbox 1605 3817 1636 3869; x_wconf 90' lang='lat' dir='ltr'><strong>ut</strong></span> <span class='ocrx_word' id='word_1_476' title='bbox 1659 3814 1723 3886; x_wconf 89' lang='lat' dir='ltr'><strong>ipse</strong></span> <span class='ocrx_word' id='word_1_477' title='bbox 1747 3819 1797 3890; x_wconf 90' lang='lat' dir='ltr'><strong>qui</strong></span> 
     </span>
     <span class='ocr_line' id='line_1_40' title="bbox 86 3891 1798 3969; baseline 0.029 -56"><span class='ocrx_word' id='word_1_478' title='bbox 86 3896 204 3956; x_wconf 58' lang='lat' dir='ltr'><strong>nmo</strong></span> <span class='ocrx_word' id='word_1_479' title='bbox 218 3897 382 3953; x_wconf 51' lang='lat' dir='ltr'><strong>Marsorum</strong></span> <span class='ocrx_word' id='word_1_480' title='bbox 398 3897 541 3953; x_wconf 54' lang='lat' dir='ltr'><strong>comitum</strong></span> <span class='ocrx_word' id='word_1_481' title='bbox 552 3910 671 3967; x_wconf 56' lang='lat' dir='ltr'>genere,</span> <span class='ocrx_word' id='word_1_482' title='bbox 686 3893 715 3949; x_wconf 71' lang='lat' dir='ltr'><strong>jn</strong></span> <span class='ocrx_word' id='word_1_483' title='bbox 731 3893 846 3951; x_wconf 59' lang='lat' dir='ltr'><strong>valeria</strong></span> <span class='ocrx_word' id='word_1_484' title='bbox 860 3894 917 3950; x_wconf 48' lang='grc' dir='ltr'><strong>ὕοι.</strong></span> <span class='ocrx_word' id='word_1_485' title='bbox 970 3892 1034 3964; x_wconf 73' lang='lat' dir='ltr'><strong>jem</strong></span> <span class='ocrx_word' id='word_1_486' title='bbox 1044 3905 1097 3964; x_wconf 88' lang='lat' dir='ltr'><strong>per</strong></span> <span class='ocrx_word' id='word_1_487' title='bbox 1111 3891 1236 3963; x_wconf 86' lang='lat' dir='ltr'><strong>aliquod</strong></span> <span class='ocrx_word' id='word_1_488' title='bbox 1248 3898 1367 3964; x_wconf 89' lang='lat' dir='ltr'><strong>tempus</strong></span> <span class='ocrx_word' id='word_1_489' title='bbox 1380 3893 1492 3952; x_wconf 85' lang='lat' dir='ltr'><strong>lumine</strong></span> <span class='ocrx_word' id='word_1_490' title='bbox 1507 3899 1744 3969; x_wconf 85' lang='lat' dir='ltr'><strong>privatusluerat</strong></span> <span class='ocrx_word' id='word_1_491' title='bbox 1753 3906 1798 3962; x_wconf 90' lang='lat' dir='ltr'><strong>lu·</strong></span> 
     </span>
     <span class='ocr_line' id='line_1_41' title="bbox 85 3979 1798 4059; baseline 0.008 -21"><span class='ocrx_word' id='word_1_492' title='bbox 85 3986 154 4043; x_wconf 85' lang='lat' dir='ltr'><strong>lieet</strong></span> <span class='ocrx_word' id='word_1_493' title='bbox 168 3985 326 4059; x_wconf 82' lang='lat' dir='ltr'><strong>provincia</strong></span> <span class='ocrx_word' id='word_1_494' title='bbox 339 3983 492 4055; x_wconf 79' lang='lat' dir='ltr'><strong>sanguinis</strong></span> <span class='ocrx_word' id='word_1_495' title='bbox 501 3984 548 4041; x_wconf 88' lang='lat' dir='ltr'><strong>sui</strong></span> <span class='ocrx_word' id='word_1_496' title='bbox 557 3984 668 4040; x_wconf 86' lang='lat' dir='ltr'><strong>lineam</strong></span> <span class='ocrx_word' id='word_1_497' title='bbox 681 3982 807 4049; x_wconf 90' lang='lat' dir='ltr'><strong>ducens,</strong></span> <span class='ocrx_word' id='word_1_498' title='bbox 832 3983 918 4040; x_wconf 90' lang='lat' dir='ltr'><strong>tertio</strong></span> <span class='ocrx_word' id='word_1_499' title='bbox 971 3995 1041 4037; x_wconf 91' lang='lat' dir='ltr'><strong>meu</strong></span> <span class='ocrx_word' id='word_1_500' title='bbox 1053 3979 1712 4055; x_wconf 79' lang='lat' dir='ltr'><strong>reciperetnouorum,stqueilliusimmensa</strong></span> <span class='ocrx_word' id='word_1_501' title='bbox 1723 3992 1798 4052; x_wconf 91' lang='lat' dir='ltr'><strong>lueis</strong></span> 
     </span>
     <span class='ocr_line' id='line_1_42' title="bbox 86 4066 1799 4156; baseline 0.005 -23"><span class='ocrx_word' id='word_1_502' title='bbox 86 4075 182 4133; x_wconf 73' lang='lat' dir='ltr'><strong>etatis</strong></span> <span class='ocrx_word' id='word_1_503' title='bbox 196 4090 259 4132; x_wconf 78' lang='lat' dir='ltr'><strong>sum</strong></span> <span class='ocrx_word' id='word_1_504' title='bbox 272 4076 366 4131; x_wconf 87' lang='lat' dir='ltr'><strong>lustro</strong></span> <span class='ocrx_word' id='word_1_505' title='bbox 387 4075 444 4130; x_wconf 86' lang='lat' dir='ltr'><strong>sub</strong></span> <span class='ocrx_word' id='word_1_506' title='bbox 464 4072 598 4130; x_wconf 86' lang='lat' dir='ltr'><strong>Oderisio</strong></span> <span class='ocrx_word' id='word_1_507' title='bbox 625 4071 747 4129; x_wconf 88' lang='lat' dir='ltr'><strong>libeato</strong></span> <span class='ocrx_word' id='word_1_508' title='bbox 760 4071 917 4128; x_wconf 86' lang='lat' dir='ltr'><strong>Benedicta</strong></span> <span class='ocrx_word' id='word_1_509' title='bbox 971 4081 1096 4125; x_wconf 89' lang='lat' dir='ltr'><strong>munere</strong></span> <span class='ocrx_word' id='word_1_510' title='bbox 1105 4067 1229 4124; x_wconf 90' lang='lat' dir='ltr'><strong>minime</strong></span> <span class='ocrx_word' id='word_1_511' title='bbox 1242 4066 1439 4128; x_wconf 77' lang='lat' dir='ltr'><strong>fraudaretur.</strong></span> <span class='ocrx_word' id='word_1_512' title='bbox 1453 4075 1511 4130; x_wconf 80' lang='lat' dir='ltr'><strong>lieo</strong></span> <span class='ocrx_word' id='word_1_513' title='bbox 1525 4091 1620 4144; x_wconf 87' lang='lat' dir='ltr'><strong>mora,</strong></span> <span class='ocrx_word' id='word_1_514' title='bbox 1651 4083 1799 4156; x_wconf 87' lang='lat' dir='ltr'><strong>conspicit</strong></span> 
     </span>
     <span class='ocr_line' id='line_1_43' title="bbox 84 4152 1798 4238; baseline 0.019 -40"><span class='ocrx_word' id='word_1_515' title='bbox 84 4164 217 4230; x_wconf 45' lang='lat' dir='ltr'><strong>oblatu„</strong></span> <span class='ocrx_word' id='word_1_516' title='bbox 233 4167 316 4221; x_wconf 60' lang='lat' dir='ltr'><strong>mia</strong></span> <span class='ocrx_word' id='word_1_517' title='bbox 329 4177 447 4220; x_wconf 66' lang='lat' dir='ltr'><strong>morum</strong></span> <span class='ocrx_word' id='word_1_518' title='bbox 463 4162 593 4227; x_wconf 72' lang='lat' dir='ltr'><strong>scientia,</strong></span> <span class='ocrx_word' id='word_1_519' title='bbox 609 4167 690 4217; x_wconf 87' lang='lat' dir='ltr'><strong>lanta</strong></span> <span class='ocrx_word' id='word_1_520' title='bbox 702 4160 857 4217; x_wconf 85' lang='lat' dir='ltr'><strong>honestate</strong></span> <span class='ocrx_word' id='word_1_521' title='bbox 881 4174 917 4216; x_wconf 90' lang='lat' dir='ltr'><strong>ac</strong></span> <span class='ocrx_word' id='word_1_522' title='bbox 968 4154 1080 4227; x_wconf 81' lang='lat' dir='ltr'><strong>ianuas</strong></span> <span class='ocrx_word' id='word_1_523' title='bbox 1091 4152 1226 4210; x_wconf 76' lang='lat' dir='ltr'><strong>ecelesia</strong></span> <span class='ocrx_word' id='word_1_524' title='bbox 1239 4154 1735 4238; x_wconf 85' lang='lat' dir='ltr'><strong>ipsiusquaresidebatpetalaetas,</strong></span> <span class='ocrx_word' id='word_1_525' title='bbox 1750 4185 1798 4230; x_wconf 80' lang='lat' dir='ltr'><strong>te·</strong></span> 
     </span>
     <span class='ocr_line' id='line_1_44' title="bbox 86 4241 1799 4323; baseline 0.033 -62"><span class='ocrx_word' id='word_1_526' title='bbox 86 4252 258 4310; x_wconf 50' lang='lat' dir='ltr'><strong>mummia</strong></span> <span class='ocrx_word' id='word_1_527' title='bbox 277 4265 371 4323; x_wconf 53' lang='lat' dir='ltr'><strong>super</strong></span> <span class='ocrx_word' id='word_1_528' title='bbox 379 4248 808 4320; x_wconf 57' lang='lat' dir='ltr'><strong>omnmoaewswmmpoffi</strong></span> <span class='ocrx_word' id='word_1_529' title='bbox 819 4247 919 4318; x_wconf 59' lang='lat' dir='ltr'><strong>splen.</strong></span> <span class='ocrx_word' id='word_1_530' title='bbox 970 4241 1120 4300; x_wconf 89' lang='lat' dir='ltr'><strong>nerabiles</strong></span> <span class='ocrx_word' id='word_1_531' title='bbox 1134 4241 1219 4300; x_wconf 88' lang='lat' dir='ltr'><strong>vultu</strong></span> <span class='ocrx_word' id='word_1_532' title='bbox 1228 4243 1392 4319; x_wconf 88' lang='lat' dir='ltr'><strong>habituque</strong></span> <span class='ocrx_word' id='word_1_533' title='bbox 1406 4248 1570 4309; x_wconf 87' lang='lat' dir='ltr'><strong>virosduos</strong></span> <span class='ocrx_word' id='word_1_534' title='bbox 1592 4253 1674 4312; x_wconf 91' lang='lat' dir='ltr'><strong>adse</strong></span> <span class='ocrx_word' id='word_1_535' title='bbox 1686 4258 1799 4318; x_wconf 91' lang='lat' dir='ltr'><strong>intran-</strong></span> 
     </span>
     <span class='ocr_line' id='line_1_45' title="bbox 86 4332 1796 4441; baseline 0.005 -44"><span class='ocrx_word' id='word_1_536' title='bbox 86 4341 153 4398; x_wconf 92' lang='lat' dir='ltr'><strong>duit</strong></span> <span class='ocrx_word' id='word_1_537' title='bbox 168 4347 200 4397; x_wconf 89' lang='lat' dir='ltr'><strong>ul</strong></span> <span class='ocrx_word' id='word_1_538' title='bbox 209 4341 274 4411; x_wconf 83' lang='lat' dir='ltr'><strong>jure</strong></span> <span class='ocrx_word' id='word_1_539' title='bbox 283 4338 356 4396; x_wconf 90' lang='lat' dir='ltr'><strong>illud</strong></span> <span class='ocrx_word' id='word_1_540' title='bbox 369 4338 555 4394; x_wconf 85' lang='lat' dir='ltr'><strong>dominicum</strong></span> <span class='ocrx_word' id='word_1_541' title='bbox 568 4337 595 4393; x_wconf 87' lang='lat' dir='ltr'><strong>ei</strong></span> <span class='ocrx_word' id='word_1_542' title='bbox 608 4336 701 4409; x_wconf 87' lang='lat' dir='ltr'><strong>possit</strong></span> <span class='ocrx_word' id='word_1_543' title='bbox 708 4335 829 4393; x_wconf 87' lang='lat' dir='ltr'><strong>ascribi:</strong></span> <span class='ocrx_word' id='word_1_544' title='bbox 839 4338 918 4407; x_wconf 73' lang='lat' dir='ltr'><strong>eligo</strong></span> <span class='ocrx_word' id='word_1_545' title='bbox 934 4383 957 4441; x_wconf 73' lang='lat' dir='ltr'>D</span> <span class='ocrx_word' id='word_1_546' title='bbox 972 4336 1037 4403; x_wconf 79' lang='lat' dir='ltr'><strong>tes3</strong></span> <span class='ocrx_word' id='word_1_547' title='bbox 1052 4346 1205 4403; x_wconf 88' lang='lat' dir='ltr'><strong>quoscum</strong></span> <span class='ocrx_word' id='word_1_548' title='bbox 1221 4332 1454 4393; x_wconf 84' lang='lat' dir='ltr'><strong>vidissetdeiilco</strong></span> <span class='ocrx_word' id='word_1_549' title='bbox 1464 4336 1796 4416; x_wconf 87' lang='lat' dir='ltr'><strong>lumineeireumdatos,</strong></span> 
     </span>
     <span class='ocr_line' id='line_1_46' title="bbox 87 4419 1798 4500; baseline 0.005 -14"><span class='ocrx_word' id='word_1_550' title='bbox 87 4429 240 4487; x_wconf 73' lang='lat' dir='ltr'><strong>osundam</strong></span> <span class='ocrx_word' id='word_1_551' title='bbox 255 4428 282 4484; x_wconf 91' lang='lat' dir='ltr'><strong>ei</strong></span> <span class='ocrx_word' id='word_1_552' title='bbox 293 4433 410 4500; x_wconf 89' lang='lat' dir='ltr'><strong>quanta</strong></span> <span class='ocrx_word' id='word_1_553' title='bbox 423 4424 509 4482; x_wconf 89' lang='lat' dir='ltr'><strong>illum</strong></span> <span class='ocrx_word' id='word_1_554' title='bbox 521 4425 725 4499; x_wconf 87' lang='lat' dir='ltr'><strong>oporteatpati</strong></span> <span class='ocrx_word' id='word_1_555' title='bbox 739 4439 794 4496; x_wconf 90' lang='lat' dir='ltr'><strong>pro</strong></span> <span class='ocrx_word' id='word_1_556' title='bbox 801 4427 919 4481; x_wconf 89' lang='lat' dir='ltr'><strong>nominc</strong></span> <span class='ocrx_word' id='word_1_557' title='bbox 972 4419 1094 4494; x_wconf 85' lang='lat' dir='ltr'><strong>expavit</strong></span> <span class='ocrx_word' id='word_1_558' title='bbox 1103 4435 1158 4477; x_wconf 87' lang='lat' dir='ltr'><strong>nec</strong></span> <span class='ocrx_word' id='word_1_559' title='bbox 1169 4420 1246 4478; x_wconf 89' lang='lat' dir='ltr'><strong>ultra</strong></span> <span class='ocrx_word' id='word_1_560' title='bbox 1256 4423 1359 4482; x_wconf 87' lang='lat' dir='ltr'><strong>oeulos</strong></span> <span class='ocrx_word' id='word_1_561' title='bbox 1369 4423 1468 4483; x_wconf 84' lang='lat' dir='ltr'><strong>levare</strong></span> <span class='ocrx_word' id='word_1_562' title='bbox 1479 4442 1573 4486; x_wconf 90' lang='lat' dir='ltr'><strong>ausus</strong></span> <span class='ocrx_word' id='word_1_563' title='bbox 1589 4432 1708 4492; x_wconf 88' lang='lat' dir='ltr'><strong>resedit.</strong></span> <span class='ocrx_word' id='word_1_564' title='bbox 1722 4438 1798 4495; x_wconf 77' lang='lat' dir='ltr'><strong>l&#39;um</strong></span> 
     </span>
     <span class='ocr_line' id='line_1_47' title="bbox 88 4509 1799 4597; baseline 0.034 -72"><span class='ocrx_word' id='word_1_565' title='bbox 88 4534 153 4575; x_wconf 53' lang='lat' dir='ltr'><strong>meo</strong></span> <span class='ocrx_word' id='word_1_566' title='bbox 168 4518 243 4577; x_wconf 37' lang='lat' dir='ltr'><strong>(Aa.</strong></span> <span class='ocrx_word' id='word_1_567' title='bbox 256 4531 295 4584; x_wconf 46' lang='lat' dir='ltr'><strong>u,</strong></span> <span class='ocrx_word' id='word_1_568' title='bbox 311 4515 365 4588; x_wconf 35' lang='lat'>¹6).</span> <span class='ocrx_word' id='word_1_569' title='bbox 382 4528 396 4559; x_wconf 71' lang='lat'>,</span> <span class='ocrx_word' id='word_1_570' title='bbox 411 4515 520 4570; x_wconf 61' lang='lat' dir='ltr'><strong>Com</strong></span> <span class='ocrx_word' id='word_1_571' title='bbox 534 4513 614 4570; x_wconf 56' lang='lat' dir='ltr'><strong>hunc</strong></span> <span class='ocrx_word' id='word_1_572' title='bbox 628 4527 760 4585; x_wconf 59' lang='lat' dir='ltr'><strong>namque</strong></span> <span class='ocrx_word' id='word_1_573' title='bbox 784 4513 919 4584; x_wconf 53' lang='lat' dir='ltr'><strong>conjura.</strong></span> <span class='ocrx_word' id='word_1_574' title='bbox 971 4510 1016 4566; x_wconf 80' lang='lat' dir='ltr'><strong>ilii</strong></span> <span class='ocrx_word' id='word_1_575' title='bbox 1030 4509 1155 4583; x_wconf 90' lang='lat' dir='ltr'><strong>propius</strong></span> <span class='ocrx_word' id='word_1_576' title='bbox 1168 4511 1355 4579; x_wconf 88' lang='lat' dir='ltr'><strong>accedentes,</strong></span> <span class='ocrx_word' id='word_1_577' title='bbox 1367 4513 1507 4574; x_wconf 77' lang='lat' dir='ltr'><strong>dixeram</strong></span> <span class='ocrx_word' id='word_1_578' title='bbox 1528 4536 1535 4578; x_wconf 75' lang='grc' dir='ltr'>ε</span> <span class='ocrx_word' id='word_1_579' title='bbox 1569 4539 1582 4571; x_wconf 80' lang='grc' dir='ltr'>ι</span> <span class='ocrx_word' id='word_1_580' title='bbox 1612 4521 1715 4595; x_wconf 76' lang='lat' dir='ltr'><strong>Surge,</strong></span> <span class='ocrx_word' id='word_1_581' title='bbox 1731 4541 1799 4597; x_wconf 81' lang='lat' dir='ltr'><strong>age,</strong></span> 
     </span>
     <span class='ocr_line' id='line_1_48' title="bbox 87 4599 1802 4683; baseline 0.019 -41"><span class='ocrx_word' id='word_1_582' title='bbox 87 4608 196 4664; x_wconf 57' lang='lat' dir='ltr'><strong>verunt</strong></span> <span class='ocrx_word' id='word_1_583' title='bbox 210 4610 314 4674; x_wconf 59' lang='lat' dir='ltr'><strong>gemes</strong></span> <span class='ocrx_word' id='word_1_584' title='bbox 327 4608 355 4657; x_wconf 73' lang='lat' dir='ltr'><strong>et</strong></span> <span class='ocrx_word' id='word_1_585' title='bbox 387 4616 490 4671; x_wconf 69' lang='lat' dir='ltr'><strong>regns,</strong></span> <span class='ocrx_word' id='word_1_586' title='bbox 514 4605 544 4656; x_wconf 89' lang='lat' dir='ltr'><strong>et</strong></span> <span class='ocrx_word' id='word_1_587' title='bbox 553 4599 920 4658; x_wconf 87' lang='lat' dir='ltr'><strong>utitadieemorbisterra·</strong></span> <span class='ocrx_word' id='word_1_588' title='bbox 974 4599 1063 4655; x_wconf 87' lang='lat' dir='ltr'><strong>irater</strong></span> <span class='ocrx_word' id='word_1_589' title='bbox 1072 4600 1189 4657; x_wconf 81' lang='lat' dir='ltr'><strong>Alberte</strong></span> <span class='ocrx_word' id='word_1_590' title='bbox 1196 4599 1354 4676; x_wconf 89' lang='lat' dir='ltr'><strong>abbatique</strong></span> <span class='ocrx_word' id='word_1_591' title='bbox 1368 4608 1398 4659; x_wconf 89' lang='lat' dir='ltr'><strong>et</strong></span> <span class='ocrx_word' id='word_1_592' title='bbox 1411 4602 1552 4664; x_wconf 87' lang='lat' dir='ltr'><strong>iratribus</strong></span> <span class='ocrx_word' id='word_1_593' title='bbox 1567 4611 1802 4683; x_wconf 88' lang='lat' dir='ltr'><strong>utpenitentiam</strong></span> 
     </span>
     <span class='ocr_line' id='line_1_49' title="bbox 88 4687 1801 4775; baseline 0.006 -25"><span class='ocrx_word' id='word_1_594' title='bbox 88 4710 152 4753; x_wconf 91' lang='lat' dir='ltr'><strong>rum</strong></span> <span class='ocrx_word' id='word_1_595' title='bbox 165 4699 266 4750; x_wconf 85' lang='lat' dir='ltr'><strong>eontra</strong></span> <span class='ocrx_word' id='word_1_596' title='bbox 280 4707 346 4750; x_wconf 91' lang='lat' dir='ltr'><strong>eum</strong></span> <span class='ocrx_word' id='word_1_597' title='bbox 360 4688 488 4748; x_wconf 84' lang='lat' dir='ltr'><strong>surrexit</strong></span> <span class='ocrx_word' id='word_1_598' title='bbox 503 4710 509 4755; x_wconf 69' lang='grc' dir='ltr'>ς</span> <span class='ocrx_word' id='word_1_599' title='bbox 524 4692 568 4745; x_wconf 82' lang='lat' dir='ltr'><strong>sei</strong></span> <span class='ocrx_word' id='word_1_600' title='bbox 582 4687 777 4758; x_wconf 76' lang='lat' dir='ltr'><strong>geleasalutis</strong></span> <span class='ocrx_word' id='word_1_601' title='bbox 788 4693 816 4744; x_wconf 92' lang='lat' dir='ltr'><strong>et</strong></span> <span class='ocrx_word' id='word_1_602' title='bbox 828 4688 920 4746; x_wconf 89' lang='lat' dir='ltr'><strong>loriea</strong></span> <span class='ocrx_word' id='word_1_603' title='bbox 974 4687 1202 4744; x_wconf 89' lang='lat' dir='ltr'><strong>commissorum</strong></span> <span class='ocrx_word' id='word_1_604' title='bbox 1213 4688 1389 4749; x_wconf 87' lang='lat' dir='ltr'><strong>delictorum</strong></span> <span class='ocrx_word' id='word_1_605' title='bbox 1407 4709 1496 4765; x_wconf 75' lang='lat' dir='ltr'><strong>agere</strong></span> <span class='ocrx_word' id='word_1_606' title='bbox 1518 4703 1654 4770; x_wconf 80' lang='lat' dir='ltr'><strong>satagant</strong></span> <span class='ocrx_word' id='word_1_607' title='bbox 1681 4702 1801 4775; x_wconf 90' lang='lat' dir='ltr'><strong>edicito,</strong></span> 
     </span>
     <span class='ocr_line' id='line_1_50' title="bbox 88 4775 1803 4856; baseline 0.015 -32"><span class='ocrx_word' id='word_1_608' title='bbox 88 4781 161 4840; x_wconf 63' lang='lat' dir='ltr'><strong>fidei</strong></span> <span class='ocrx_word' id='word_1_609' title='bbox 173 4780 306 4844; x_wconf 70' lang='lat' dir='ltr'><strong>indutus,</strong></span> <span class='ocrx_word' id='word_1_610' title='bbox 318 4784 346 4834; x_wconf 93' lang='lat' dir='ltr'><strong>et</strong></span> <span class='ocrx_word' id='word_1_611' title='bbox 359 4777 449 4850; x_wconf 90' lang='lat' dir='ltr'><strong>patris</strong></span> <span class='ocrx_word' id='word_1_612' title='bbox 462 4775 608 4833; x_wconf 83' lang='lat' dir='ltr'><strong>Benedicti</strong></span> <span class='ocrx_word' id='word_1_613' title='bbox 625 4779 806 4849; x_wconf 84' lang='lat' dir='ltr'><strong>protectione</strong></span> <span class='ocrx_word' id='word_1_614' title='bbox 824 4779 921 4834; x_wconf 91' lang='lat' dir='ltr'><strong>muni·</strong></span> <span class='ocrx_word' id='word_1_615' title='bbox 975 4775 1214 4848; x_wconf 85' lang='lat' dir='ltr'><strong>discalciatisque</strong></span> <span class='ocrx_word' id='word_1_616' title='bbox 1229 4777 1356 4849; x_wconf 89' lang='lat' dir='ltr'><strong>pedibus</strong></span> <span class='ocrx_word' id='word_1_617' title='bbox 1368 4784 1566 4856; x_wconf 86' lang='lat' dir='ltr'><strong>antiphonam</strong></span> <span class='ocrx_word' id='word_1_618' title='bbox 1578 4787 1674 4845; x_wconf 72' lang='lat' dir='ltr'><strong>beatae</strong></span> <span class='ocrx_word' id='word_1_619' title='bbox 1705 4793 1803 4848; x_wconf 82' lang='lat' dir='ltr'><strong>llarim</strong></span> 
     </span>
     <span class='ocr_line' id='line_1_51' title="bbox 92 4863 1802 4941; baseline 0.031 -59"><span class='ocrx_word' id='word_1_620' title='bbox 92 4876 151 4941; x_wconf 89' lang='lat' dir='ltr'><strong>lus,</strong></span> <span class='ocrx_word' id='word_1_621' title='bbox 171 4868 396 4926; x_wconf 71' lang='lat' dir='ltr'><strong>adversantium</strong></span> <span class='ocrx_word' id='word_1_622' title='bbox 413 4864 655 4923; x_wconf 57' lang='lat' dir='ltr'><strong>etoemulanfium</strong></span> <span class='ocrx_word' id='word_1_623' title='bbox 669 4863 795 4923; x_wconf 55' lang='lat' dir='ltr'><strong>insidias</strong></span> <span class='ocrx_word' id='word_1_624' title='bbox 812 4864 922 4937; x_wconf 62' lang='lat' dir='ltr'><strong>proni.</strong></span> <span class='ocrx_word' id='word_1_625' title='bbox 975 4865 1169 4938; x_wconf 77' lang='lat' dir='ltr'><strong>decantantes</strong></span> <span class='ocrx_word' id='word_1_626' title='bbox 1179 4867 1302 4936; x_wconf 75' lang='lat' dir='ltr'><strong>egressi,</strong></span> <span class='ocrx_word' id='word_1_627' title='bbox 1326 4867 1454 4928; x_wconf 88' lang='lat' dir='ltr'><strong>letanias</strong></span> <span class='ocrx_word' id='word_1_628' title='bbox 1479 4878 1548 4930; x_wconf 87' lang='lat' dir='ltr'><strong>ante</strong></span> <span class='ocrx_word' id='word_1_629' title='bbox 1575 4884 1802 4937; x_wconf 84' lang='lat' dir='ltr'><strong>sacrosanctum</strong></span> 
     </span>
     <span class='ocr_line' id='line_1_52' title="bbox 91 4952 1803 5030; baseline 0.005 -15"><span class='ocrx_word' id='word_1_630' title='bbox 91 4958 170 5016; x_wconf 86' lang='lat' dir='ltr'><strong>chilo</strong></span> <span class='ocrx_word' id='word_1_631' title='bbox 183 4957 278 5015; x_wconf 85' lang='lat' dir='ltr'><strong>duxit.</strong></span> <span class='ocrx_word' id='word_1_632' title='bbox 294 4957 431 5013; x_wconf 76' lang='lat' dir='ltr'><strong>boetiam</strong></span> <span class='ocrx_word' id='word_1_633' title='bbox 444 4960 588 5027; x_wconf 89' lang='lat' dir='ltr'><strong>tempore,</strong></span> <span class='ocrx_word' id='word_1_634' title='bbox 602 4969 673 5010; x_wconf 92' lang='lat' dir='ltr'><strong>eum</strong></span> <span class='ocrx_word' id='word_1_635' title='bbox 688 4969 740 5010; x_wconf 83' lang='lat' dir='ltr'><strong>rex</strong></span> <span class='ocrx_word' id='word_1_636' title='bbox 757 4956 921 5025; x_wconf 72' lang='lat' dir='ltr'><strong>lloggerius</strong></span> <span class='ocrx_word' id='word_1_637' title='bbox 975 4952 1055 5010; x_wconf 83' lang='lat' dir='ltr'><strong>beati</strong></span> <span class='ocrx_word' id='word_1_638' title='bbox 1069 4955 1160 5025; x_wconf 85' lang='lat' dir='ltr'><strong>patris</strong></span> <span class='ocrx_word' id='word_1_639' title='bbox 1166 4954 1314 5011; x_wconf 87' lang='lat' dir='ltr'><strong>Benedicti</strong></span> <span class='ocrx_word' id='word_1_640' title='bbox 1323 4971 1433 5029; x_wconf 84' lang='lat' dir='ltr'><strong>eorpus</strong></span> <span class='ocrx_word' id='word_1_641' title='bbox 1439 4967 1592 5030; x_wconf 76' lang='lat' dir='ltr'><strong>peragant,</strong></span> <span class='ocrx_word' id='word_1_642' title='bbox 1600 4964 1624 5018; x_wconf 90' lang='lat' dir='ltr'><strong>si</strong></span> <span class='ocrx_word' id='word_1_643' title='bbox 1634 4962 1710 5020; x_wconf 87' lang='lat' dir='ltr'><strong>lorte</strong></span> <span class='ocrx_word' id='word_1_644' title='bbox 1723 4966 1803 5024; x_wconf 85' lang='lat' dir='ltr'><strong>Deus</strong></span> 
     </span>
     <span class='ocr_line' id='line_1_53' title="bbox 92 5040 1806 5126; baseline 0.005 -22"><span class='ocrx_word' id='word_1_645' title='bbox 92 5047 227 5104; x_wconf 80' lang='lat' dir='ltr'><strong>civitates</strong></span> <span class='ocrx_word' id='word_1_646' title='bbox 241 5050 384 5100; x_wconf 86' lang='lat' dir='ltr'><strong>eteasua</strong></span> <span class='ocrx_word' id='word_1_647' title='bbox 402 5058 497 5115; x_wconf 89' lang='lat' dir='ltr'><strong>usque</strong></span> <span class='ocrx_word' id='word_1_648' title='bbox 525 5041 562 5098; x_wconf 86' lang='lat' dir='ltr'><strong>ad</strong></span> <span class='ocrx_word' id='word_1_649' title='bbox 594 5041 726 5100; x_wconf 86' lang='lat' dir='ltr'><strong>confinia</strong></span> <span class='ocrx_word' id='word_1_650' title='bbox 755 5042 921 5098; x_wconf 83' lang='lat' dir='ltr'><strong>casinensis</strong></span> <span class='ocrx_word' id='word_1_651' title='bbox 975 5044 1143 5098; x_wconf 81' lang='lat' dir='ltr'><strong>vestrorunt</strong></span> <span class='ocrx_word' id='word_1_652' title='bbox 1157 5040 1329 5099; x_wconf 87' lang='lat' dir='ltr'><strong>delictorum</strong></span> <span class='ocrx_word' id='word_1_653' title='bbox 1344 5043 1485 5103; x_wconf 88' lang='lat' dir='ltr'><strong>lamentis</strong></span> <span class='ocrx_word' id='word_1_654' title='bbox 1509 5051 1730 5126; x_wconf 87' lang='lat' dir='ltr'><strong>penitentiaque</strong></span> <span class='ocrx_word' id='word_1_655' title='bbox 1749 5055 1806 5112; x_wconf 92' lang='lat' dir='ltr'><strong>im·</strong></span> 
     </span>
     <span class='ocr_line' id='line_1_54' title="bbox 91 5128 1805 5204; baseline 0.009 -17"><span class='ocrx_word' id='word_1_656' title='bbox 91 5133 223 5192; x_wconf 84' lang='lat' dir='ltr'><strong>coenobii</strong></span> <span class='ocrx_word' id='word_1_657' title='bbox 236 5132 404 5204; x_wconf 84' lang='lat' dir='ltr'><strong>recepisset,</strong></span> <span class='ocrx_word' id='word_1_658' title='bbox 419 5130 641 5202; x_wconf 76' lang='lat' dir='ltr'><strong>fortissimoque</strong></span> <span class='ocrx_word' id='word_1_659' title='bbox 658 5134 749 5203; x_wconf 90' lang='lat' dir='ltr'><strong>atque</strong></span> <span class='ocrx_word' id='word_1_660' title='bbox 769 5129 922 5185; x_wconf 89' lang='lat' dir='ltr'><strong>durissimo</strong></span> <span class='ocrx_word' id='word_1_661' title='bbox 977 5144 1093 5185; x_wconf 89' lang='lat' dir='ltr'><strong>memor</strong></span> <span class='ocrx_word' id='word_1_662' title='bbox 1108 5128 1213 5199; x_wconf 89' lang='lat' dir='ltr'><strong>laetus,</strong></span> <span class='ocrx_word' id='word_1_663' title='bbox 1230 5130 1268 5186; x_wconf 89' lang='lat' dir='ltr'><strong>ab</strong></span> <span class='ocrx_word' id='word_1_664' title='bbox 1280 5131 1325 5187; x_wconf 88' lang='lat' dir='ltr'><strong>his</strong></span> <span class='ocrx_word' id='word_1_665' title='bbox 1339 5131 1411 5189; x_wconf 89' lang='lat' dir='ltr'><strong>locis</strong></span> <span class='ocrx_word' id='word_1_666' title='bbox 1426 5140 1524 5193; x_wconf 87' lang='lat' dir='ltr'><strong>tantas</strong></span> <span class='ocrx_word' id='word_1_667' title='bbox 1543 5137 1731 5199; x_wconf 86' lang='lat' dir='ltr'><strong>calamitates</strong></span> <span class='ocrx_word' id='word_1_668' title='bbox 1759 5159 1805 5202; x_wconf 88' lang='lat' dir='ltr'><strong>re·</strong></span> 
     </span>
     <span class='ocr_line' id='line_1_55' title="bbox 91 5207 1805 5298; baseline 0.011 -23"><span class='ocrx_word' id='word_1_669' title='bbox 91 5219 356 5297; x_wconf 86' lang='lat' dir='ltr'><strong>imperiosuojuri</strong></span> <span class='ocrx_word' id='word_1_670' title='bbox 376 5218 513 5275; x_wconf 87' lang='lat' dir='ltr'><strong>subditas</strong></span> <span class='ocrx_word' id='word_1_671' title='bbox 545 5217 693 5285; x_wconf 88' lang='lat' dir='ltr'><strong>retineret,</strong></span> <span class='ocrx_word' id='word_1_672' title='bbox 726 5217 813 5290; x_wconf 84' lang='lat' dir='ltr'><strong>eique</strong></span> <span class='ocrx_word' id='word_1_673' title='bbox 840 5217 922 5274; x_wconf 90' lang='lat' dir='ltr'><strong>nullo</strong></span> <span class='ocrx_word' id='word_1_674' title='bbox 976 5215 1075 5289; x_wconf 90' lang='lat' dir='ltr'><strong>pellat.</strong></span> <span class='ocrx_word' id='word_1_675' title='bbox 1091 5207 1292 5276; x_wconf 75' lang='lat' dir='ltr'><strong>»lumitater</strong></span> <span class='ocrx_word' id='word_1_676' title='bbox 1306 5222 1619 5298; x_wconf 87' lang='lat' dir='ltr'><strong>quisesseteiquibus</strong></span> <span class='ocrx_word' id='word_1_677' title='bbox 1639 5233 1805 5293; x_wconf 84' lang='lat' dir='ltr'><strong>vocitaren-</strong></span> 
     </span>
     <span class='ocr_line' id='line_1_56' title="bbox 92 5304 1805 5403; baseline 0.007 -32"><span class='ocrx_word' id='word_1_678' title='bbox 92 5313 196 5379; x_wconf 89' lang='lat' dir='ltr'><strong>modo,</strong></span> <span class='ocrx_word' id='word_1_679' title='bbox 209 5308 289 5366; x_wconf 91' lang='lat' dir='ltr'><strong>nullo</strong></span> <span class='ocrx_word' id='word_1_680' title='bbox 308 5305 481 5382; x_wconf 87' lang='lat' dir='ltr'><strong>paetoidem</strong></span> <span class='ocrx_word' id='word_1_681' title='bbox 494 5305 592 5364; x_wconf 86' lang='lat' dir='ltr'><strong>abbas</strong></span> <span class='ocrx_word' id='word_1_682' title='bbox 604 5310 694 5379; x_wconf 89' lang='lat' dir='ltr'><strong>prout</strong></span> <span class='ocrx_word' id='word_1_683' title='bbox 707 5305 922 5378; x_wconf 73' lang='lat' dir='ltr'><strong>Roggeriusvo·</strong></span> <span class='ocrx_word' id='word_1_684' title='bbox 976 5309 1025 5363; x_wconf 89' lang='lat' dir='ltr'><strong>tur</strong></span> <span class='ocrx_word' id='word_1_685' title='bbox 1038 5304 1211 5363; x_wconf 86' lang='lat' dir='ltr'><strong>nominibus</strong></span> <span class='ocrx_word' id='word_1_686' title='bbox 1222 5304 1385 5380; x_wconf 75' lang='lat' dir='ltr'><strong>inquisivit.</strong></span> <span class='ocrx_word' id='word_1_687' title='bbox 1398 5311 1567 5374; x_wconf 74' lang='lat' dir='ltr'><strong>educente</strong></span> <span class='ocrx_word' id='word_1_688' title='bbox 1582 5333 1613 5375; x_wconf 72' lang='lat' dir='ltr'><strong>:e</strong></span> <span class='ocrx_word' id='word_1_689' title='bbox 1627 5321 1805 5403; x_wconf 75' lang='lat' dir='ltr'><strong>Egoiuquit,</strong></span> 
     </span>
    </p>
   </div>
   <div class='ocr_carea' id='block_1_4' title="bbox 883 5492 1001 5574">
    <p class='ocr_par' dir='ltr' id='par_1_4' title="bbox 883 5492 1001 5574">
     <span class='ocr_line' id='line_1_57' title="bbox 883 5492 1001 5574; baseline 0 -20"><span class='ocrx_word' id='word_1_690' title='bbox 883 5492 1001 5574; x_wconf 76' lang='lat' dir='ltr'><strong>pora.</strong></span> 
     </span>
    </p>
   </div>
   <div class='ocr_carea' id='block_1_5' title="bbox 91 5665 1808 5846">
    <p class='ocr_par' dir='ltr' id='par_1_5' title="bbox 91 5665 1808 5846">
     <span class='ocr_line' id='line_1_58' title="bbox 129 5665 1166 5749; baseline 0.005 -21"><span class='ocrx_word' id='word_1_691' title='bbox 129 5669 224 5747; x_wconf 73' lang='lat'>(1639)</span> <span class='ocrx_word' id='word_1_692' title='bbox 236 5671 290 5729; x_wconf 89' lang='lat' dir='ltr'><strong>Per</strong></span> <span class='ocrx_word' id='word_1_693' title='bbox 301 5665 467 5745; x_wconf 88' lang='lat' dir='ltr'><strong>epistolam,</strong></span> <span class='ocrx_word' id='word_1_694' title='bbox 484 5684 578 5746; x_wconf 90' lang='lat' dir='ltr'><strong>quam</strong></span> <span class='ocrx_word' id='word_1_695' title='bbox 594 5687 610 5729; x_wconf 91' lang='lat' dir='ltr'><strong>e</strong></span> <span class='ocrx_word' id='word_1_696' title='bbox 625 5669 698 5731; x_wconf 84' lang='lat' dir='ltr'><strong>Petri</strong></span> <span class='ocrx_word' id='word_1_697' title='bbox 710 5670 836 5745; x_wconf 76' lang='lat' dir='ltr'><strong>liegesto</strong></span> <span class='ocrx_word' id='word_1_698' title='bbox 856 5676 924 5749; x_wconf 89' lang='lat' dir='ltr'><strong>post</strong></span> <span class='ocrx_word' id='word_1_699' title='bbox 976 5668 1026 5734; x_wconf 74' lang='lat'><strong>88.</strong></span> <span class='ocrx_word' id='word_1_700' title='bbox 1042 5672 1088 5733; x_wconf 84' lang='lat' dir='ltr'><strong>lv.</strong></span> <span class='ocrx_word' id='word_1_701' title='bbox 1102 5678 1166 5734; x_wconf 72' lang='lat' dir='ltr'><strong>dit.-</strong></span> 
     </span>
     <span class='ocr_line' id='line_1_59' title="bbox 91 5742 1808 5846; baseline 0.012 -39"><span class='ocrx_word' id='word_1_702' title='bbox 91 5746 208 5808; x_wconf 69' lang='lat' dir='ltr'><strong>ebron.</strong></span> <span class='ocrx_word' id='word_1_703' title='bbox 227 5742 320 5804; x_wconf 86' lang='lat' dir='ltr'><strong>edidit</strong></span> <span class='ocrx_word' id='word_1_704' title='bbox 332 5746 412 5819; x_wconf 72' lang='lat' dir='ltr'><strong>bns.</strong></span> <span class='ocrx_word' id='word_1_705' title='bbox 430 5744 569 5813; x_wconf 78' lang='lat' dir='ltr'><strong>deunce,</strong></span> <span class='ocrx_word' id='word_1_706' title='bbox 596 5746 750 5820; x_wconf 87' lang='lat' dir='ltr'><strong>repetitam</strong></span> <span class='ocrx_word' id='word_1_707' title='bbox 768 5747 799 5802; x_wconf 79' lang='lat' dir='ltr'><strong>in</strong></span> <span class='ocrx_word' id='word_1_708' title='bbox 813 5748 919 5806; x_wconf 68' lang='lat' dir='ltr'><strong>Mutti-</strong></span> <span class='ocrx_word' id='word_1_709' title='bbox 1012 5746 1105 5826; x_wconf 76' lang='grc'>(1660)</span> <span class='ocrx_word' id='word_1_710' title='bbox 1120 5751 1379 5828; x_wconf 86' lang='lat' dir='ltr'><strong>Colemeutauum,</strong></span> <span class='ocrx_word' id='word_1_711' title='bbox 1392 5762 1808 5846; x_wconf 69' lang='lat' dir='ltr'><strong>testeltuoupmodasinensi.</strong></span> 
     </span>
    </p>
   </div>
   <div class='ocr_carea' id='block_1_6' title="bbox 0 0 1970 6050">
    <p class='ocr_par' dir='ltr' id='par_1_6' title="bbox 0 0 1970 6050">
     <span class='ocr_line' id='line_1_60' title="bbox 0 0 1970 6050; baseline 0 0"><span class='ocrx_word' id='word_1_712' title='bbox 0 0 1970 6050; x_wconf 95' lang='lat' dir='ltr'><strong> </strong></span> 
     </span>
    </p>
   </div>
  </div>
 </body>
</html>
