3884 6050
153 168 206 229 ser
244 180 248 187 ·
629 148 659 203 ·'
715 164 872 227 nonunru
891 142 1046 227 reeens
1061 143 1095 225 ε’.
1111 151 1292 224 rnuoouts
1333 144 1335 147 ’
1481 182 1482 187 ¹
1758 116 1762 123 ’
1802 158 1862 227 see‘

151 295 227 367 dies,
240 295 405 355 Alexander
417 307 499 368 papa
512 288 665 351 irederioo
688 291 862 369 imperatori
876 308 980 351 recon-
995 288 1156 351 Adlelial.
1179 288 1304 361 Augusti
1328 288 1430 348 milites
1453 287 1585 363 episcopi
1609 303 1765 363 aggresus,
1794 289 1858 349 dalss

152 384 278 453 ciliatus,
295 400 364 442 eum
385 388 414 442 et
434 397 541 441 omnes
567 382 684 457 imperii
712 383 760 441 sni
774 384 925 458 principes
940 383 979 441 ab
1033 383 1119 437 munt
1133 378 1208 450 (581)
1224 380 1444 453 usquelingris
1456 380 1648 436 incruentsm
1659 377 1762 450 lugam
1775 395 1859 437 com·

153 470 648 539 excommunicationeabsolverat,
663 472 816 546 alteroque
828 488 932 530 eorum
947 472 979 529 in
1032 467 1120 541 pellit,
1131 466 1337 541 oppidumque
1347 468 1375 525 vi
1388 484 1457 526 cum
1469 466 1857 541 suisirrumpens,plurimis

151 566 266 635 patrem
281 558 518 618 alteroinflliunn
534 560 688 634 adoptato,
701 560 853 621 cumcuin
867 560 979 618 unitate
1032 556 1127 630 captis
1144 557 1299 630 copiosam
1315 557 1441 631 predam
1462 558 1557 614 victor
1578 556 1711 613 abducit.
1734 558 1857 616 Postera

152 646 465 707 concordioredierat.
477 648 503 704 is
515 649 628 722 quippe
643 647 774 706 Adriano
788 646 979 723 papsdeiun·
1031 644 1090 712 die,
1106 644 1139 702 id
1150 652 1195 702 est
1208 645 1272 703 Kal.
1283 646 1418 718 Augusti,
1427 645 1717 721 episcopuscollecta
1729 661 1855 703 suorum

152 741 209 811 eto,
222 752 292 795 cum
306 736 480 801 octoviano,
493 734 675 795 venerebilis
688 736 756 795 vites
779 735 979 811 archipresbi·
1031 734 1231 803 multitudine,
1244 735 1555 795 antecendemvittam
1567 748 1636 791 eum
1647 751 1717 793 cum
1724 735 1856 794 exercitu

153 829 226 895 tero,
236 826 274 884 ad
288 830 419 900 papatus
426 825 544 899 apicem
561 825 668 883 electus
691 824 755 894 luit,
773 826 826 883 sed
841 825 978 900 partibus
1031 827 1195 895 proterens,
1207 823 1238 881 in
1255 821 1358 897 togam
1374 825 1467 881 vertit
1487 822 1688 896 Omnibusque
1704 824 1757 898 qui
1768 828 1855 900 pote·

152 913 229 972 inter
241 929 273 972 se
284 912 498 972 dissidentibus
513 913 553 971 ab
575 914 755 987 imperatore
790 913 977 988 reprobatus,
1031 912 1284 971 rantinoastrum
1308 912 1559 985 contugientibns,
1580 916 1672 970 totam
1694 911 1797 970 villam
1811 927 1856 970 re-

151 1003 283 1061 eundem
293 1007 395 1061 tamen
406 1003 603 1061 Octcvianum
611 1009 640 1061 et
651 1003 729 1062 duos
740 1005 805 1078 ejus
825 1019 978 1062 successo·
1031 1001 1154 1074 pentina
1168 1001 1323 1059 invasione
1334 1002 1439 1059 exurit.
1452 1000 1853 1075 luterimcomespersilvam

153 1091 979 1166 resltt‘ttllongevitatevitaesuperstititctormataigitur
1032 1089 1167 1163 proxime
1175 1094 1377 1147 stantemcum
1383 1090 1616 1162 paucissuorum
1627 1089 1856 1156 evadens,l'un·

155 1181 265 1239 onitate
277 1180 490 1254 ecclesieque
497 1183 610 1254 septem
621 1180 979 1245 etdecemannisturbata
1032 1178 1276 1252 grisinopinatus
1292 1178 1413 1246 invadit,
1433 1183 1461 1237 et
1481 1179 1604 1236 incenso
1620 1179 1735 1253 oppido
1749 1194 1855 1238 mono·

151 1266 690 1341 lueratprcpterdissensionemsedls
702 1268 979 1342 apostolicmmissts
1031 1269 1154 1324 sterium
1172 1268 1268 1324 beatre
1287 1267 1385 1325 llario
1409 1267 1493 1339 gravi
1507 1267 1790 1324 incendioabsumit.
1804 1267 1854 1325 Se·

153 1356 284 1431 epistolis
303 1356 511 1428 lussitomnes
525 1355 761 1431 circumquaque
778 1355 978 1431 episcopusin
1031 1354 1135 1429 quenti
1148 1353 1196 1412 die
1210 1355 1302 1428 (dap.
1317 1355 1346 1429 i)
1364 1356 1506 1430 episcopo
1525 1355 1664 1413 calmunt
1685 1355 1853 1425 obsidente,

152 1445 978 1519 mediaquadragesimaadsaltemarnscuire.llandatus
1031 1443 1271 1501 nostratesabco
1279 1445 1374 1515 rogati
1382 1440 1855 1515 brustemiuminvadentes,nono

152 1535 228 1592 inter
242 1533 506 1592 ceterosltodullus
517 1533 689 1592 leodiensis
701 1532 858 1608 episcopus
871 1550 978 1593 omnes
1030 1547 1155 1591 annoex
1165 1532 1308 1606 quoitlud
1319 1531 1370 1590 sub
1379 1532 1482 1603 llgidio
1493 1534 1600 1590 comite
1610 1533 1851 1600 combusserant,

152 1621 294 1696 episcopii
303 1621 349 1679 sui
359 1621 481 1680 abbates
492 1622 680 1690 convocavit,
689 1630 782 1696 utque
794 1640 826 1679 se
840 1622 879 1680 ad
895 1621 978 1679 simul
996 1620 1002 1631 '
1031 1619 1137 1678 lterum
1148 1620 1340 1687 comburunt,
1352 1627 1381 1678 et
1393 1629 1535 1694 superato
1559 1621 1657 1696 primo
1680 1621 1747 1694 ejus
1760 1621 1851 1689 rullo,

152 1711 404 1785 proficiscendum
415 1716 616 1785 prepararent,
627 1711 716 1783 jussit
732 1710 803 1784 ;qui
822 1726 893 1769 vero
920 1712 977 1767 sice
1030 1708 1199 1766 resistentes
1219 1710 1250 1766 in
1273 1709 1400 1768 arctiora
1421 1714 1543 1781 cogunt,
1569 1715 1598 1767 et
1619 1709 1657 1766 ad
1673 1710 1852 1784 capiendum

151 1800 259 1857 dmore
278 1813 433 1856 remanere
443 1797 557 1870 mallet,
578 1798 605 1855 ei
618 1797 789 1873 profecturo
805 1801 845 1856 ad
858 1799 978 1873 supple·
992 1768 1014 1825 B
1030 1802 1159 1854 castrum
1174 1798 1329 1854 machinas
1341 1799 1486 1855 instruere
1504 1797 1674 1855 intendunt.

152 1892 290 1946 mentum
305 1902 505 1961 expensarum
517 1886 620 1961 aliqua
633 1887 706 1946 dare
719 1903 781 1946 non
802 1888 975 1961 negligeret,
1064 1884 1110 1943 08.
1127 1884 1238 1943 Dehinc
1254 1888 1270 1943 {t
1285 1885 1422 1943 videlicet
1433 1890 1533 1944 Nonas
1545 1887 1668 1960 Augusti
1689 1887 1852 1961 episeopus

150 1976 287 2050 alioquin
300 1976 364 2050 ipse
380 1990 517 2033 unacum
532 1989 568 2032 eo
578 1978 703 2033 Remum
717 1981 861 2050 pergeret.
875 1977 976 2034 Abbas
1030 1988 1100 2030 cum
1116 1974 1180 2031 suis
1192 1980 1220 2031 et
1231 1978 1380 2032 nostrates
1393 1990 1464 2032 cum
1476 1976 1614 2049 episcopo
1634 1976 1689 2033 Lcs
1701 1983 1791 2049 caput
1804 1991 1855 2034 00

150 2068 252 2123 auum
263 2063 474 2135 wiriwalam
494 2062 612 2135 pridem
633 2068 755 2137 propter
773 2064 924 2135 egregiam
944 2062 977 2121 li·
1030 2064 1151 2121 mitatus
1162 2062 1319 2136 invadunt,
1330 2064 1584 2122 ethsbitatoribus
1598 2066 1663 2137 ejus
1672 2072 1752 2123 metu
1762 2066 1853 2123 motis

149 2150 312 2209 beralitstis
326 2166 388 2208 sure
400 2149 634 2208 munificentiam
653 2150 680 2207 ei
692 2150 977 2225 acceptue,amplio·
1029 2152 1244 2224 etcaptivitatis
1258 2152 1577 2226 lugientibus,incensa
1587 2154 1657 2211 silla
1669 2170 1737 2212 cum
1747 2170 1852 2213 mona·

149 2239 235 2297 ribus
244 2237 391 2310 largitatis
404 2252 467 2294 sues
474 2236 627 2294 beneflciis
648 2238 785 2309 obtinuit,
794 2240 975 2314 ut,qniapre
1028 2242 1117 2300 sterio
1132 2243 1301 2316 pariterque
1308 2248 1405 2301 cestro
1417 2243 1549 2316 ingentia
1557 2242 1653 2317 spolia
1661 2243 1815 2319 diripiunt.

151 2325 304 2383 debilitate
318 2324 452 2399 corporis
466 2327 591 2382 Romam
607 2326 760 2398 perscire
774 2342 836 2383 non
846 2332 973 2400 poterat,
1063 2329 1108 2388 29.
1123 2331 1156 2387 in
1170 2332 1468 2404 crestinumfflupi)
1483 2332 1640 2389 cenobium
1653 2334 1749 2391 sancti
1762 2340 1852 2392 tmo-

149 2414 214 2489 lpse
225 2411 520 2488 privilegieeccleslm
532 2418 642 2471 nostras
651 2429 753 2470 secum
765 2413 859 2481 terret,
870 2420 900 2472 et
909 2430 976 2489 pre·
1027 2419 1068 2476 ris
1079 2420 1111 2476 in
1123 2419 1219 2477 Bilisia
1234 2434 1254 2476 a
1267 2420 1379 2477 milicie
1391 2421 1524 2495 episcopi
1542 2437 1612 2478 cum
1625 2421 1696 2479 villa
1705 2422 1851 2494 exuritur,

149 2501 442 2575 sentispepmsigillo
456 2501 976 2570 eaconflrmarileoeret.0uodetie·
1028 2505 1851 2582 lientenakcnquoqueoastrumadefonsoribusvacuum

149 2593 198 2649 cit.
205 2591 393 2664 veniensque
400 2588 724 2658 nomemlicstsinistro
730 2597 846 2650 actuum
853 2608 972 2650 suorum
1026 2596 1166 2653 incendio
1180 2598 1328 2666 evertitur,
1344 2603 1374 2655 et
1386 2599 1509 2656 vastatis
1523 2599 1759 2674 circumquaque
1773 2599 1849 2658 villis

148 2693 270 2738 rumore
281 2693 370 2736 aures
390 2692 479 2752 papie
490 2678 651 2753 plurimum
667 2678 852 2749 offendisset,
872 2689 973 2741 tamen
1026 2682 1209 2756 fugientibus
1227 2684 1344 2754 incolis,
1359 2686 1462 2743 omnis
1475 2687 1602 2745 castella
1624 2693 1652 2744 et
1670 2689 1850 2746 munitiones

147 2774 271 2843 propter
284 2780 374 2824 suum
380 2781 475 2838 genus
483 2766 584 2825 nobile
597 2768 628 2824 in
635 2782 747 2841 magna
760 2770 916 2844 apudeum
926 2788 972 2830 re·
1026 2773 1143 2830 comitis
1156 2772 1352 2832 inimicisnon
1364 2775 1850 2849 parcentibusdestruunturdum·

147 2856 288 2916 verentite
296 2856 485 2930 prerogativa
495 2857 658 2929 praeeteris
672 2857 856 2916 esthabitus.
866 2866 972 2919 ectum
1026 2861 1850 2936 queexstructismachinisepiscopuscatmuntdestruere

148 2951 276 3004 estsere
289 2945 348 3002 boo
362 2944 520 3003 consilium
531 2944 630 3002 media
644 2946 938 3020 quadragesima,die
944 2955 970 3025 0,
992 2957 1012 3001 1³
1026 2951 1177 3017 niteretur,
1190 2951 1342 3009 annitente
1354 2951 1462 3008 comita
1479 2954 1672 3009 Namuroensi
1696 2946 1850 3012 avunculo

147 3035 256 3092 lduum
272 3034 449 3090 llarciarum
470 3034 574 3107 (llll),
595 3035 627 3091 in
645 3051 703 3109 quo
723 3038 886 3107 computati
902 3045 973 3095 sunt
1026 3054 1082 3095 suo
1092 3044 1121 3096 et
1134 3040 1242 3097 comite
1256 3040 1294 3096 de
1309 3040 1421 3112 Berghe
1434 3037 1520 3114 (080),
1537 3041 1685 3100 Gerardus
1698 3058 1800 3100 comes
1816 3042 1850 3101 in

147 3121 270 3181 affuisse
283 3125 337 3178 700
348 3121 481 3193 episcopi
494 3126 523 3178 et
535 3121 661 3178 abbates
671 3121 786 3180 milleet
796 3124 970 3183 elericorum
990 3137 1011 3195 c
1025 3128 1152 3197 gratiam
1163 3127 1228 3200 ejns
1237 3128 1397 3186 reducitnr.
1413 3130 1498 3197 Quod
1511 3129 1562 3187 tali
1571 3130 1849 3191 conditioneactum

146 3216 279 3286 preterea
293 3208 479 3266 diversorum
493 3209 635 3267 ordinum
659 3209 895 3270 innumerabiles
912 3222 972 3271 tur·
1024 3219 1119 3283 estut
1132 3216 1280 3290 quidquid
1294 3217 1452 3292 episeopus
1466 3217 1618 3287 eiiecerat,
1633 3219 1749 3277 irritnm
1760 3226 1848 3291 esset,

146 3311 205 3357 mm
215 3298 300 3372 (080).
317 3296 505 3371 Apostolicns
517 3303 617 3356 autem
629 3298 706 3356 inter
719 3305 834 3359 ceterea
855 3301 971 3362 decreta
1023 3304 1177 3378 nichilque
1191 3306 1217 3362 el
1227 3305 1401 3378 injuriarnm
1410 3319 1464 3381 pro
1479 3307 1541 3364 hod
1555 3307 1698 3382 deinceps
1712 3309 1846 3381 irrogare

146 3403 213 3453 sua,
227 3401 296 3461 quse
311 3386 350 3443 eb
362 3386 505 3443 omnibus
516 3386 569 3443 rite
584 3387 712 3445 tenenda
721 3388 970 3463 sollempnilnsti·
1023 3390 1154 3450 deberet.
1165 3394 1199 3449 ln
1212 3392 1564 3465 hacergomutnaeorum
1580 3397 1725 3454 adversus
1739 3397 1848 3455 alteru·

146 3474 259 3534 tutione
269 3474 378 3543 sanxit,
387 3473 418 3530 in
428 3473 622 3533 octovianum
637 3484 749 3534 sancte
757 3477 928 3537 ritssvirum
942 3484 971 3538 et
1023 3485 1102 3539 trum
1110 3482 1298 3540 contentione
1307 3484 1509 3542 cumtotiusin
1521 3484 1677 3542 circumitu
1690 3486 1848 3560 provintie

147 3562 533 3632 induosejussuccessores
544 3564 970 3626 senunsismexcommunicsa
1023 3571 1105 3640 gravi
1119 3572 1286 3630 rasulione
1304 3579 1502 3631 concrematas
1523 3572 1659 3631 teruntur
1682 3591 1752 3633 cum
1767 3562 1851 3634 villis*

146 3650 236 3708 tionis
243 3649 454 3724 promulgavit,
460 3655 489 3707 et
497 3651 641 3726 quidquid
653 3653 967 3715 virentesstatuerunt.
1023 3659 1085 3716 suis
1099 3658 1165 3732 plus
1178 3675 1268 3734 quam
1289 3661 1420 3718 sedecim
1434 3661 1577 3720 ecclesia.

147 3737 179 3797 id
188 3737 363 3798 auctoritete
376 3754 433 3796 sua
445 3739 634 3798 irritumesse
649 3743 772 3799 censuit
1058 3752 1102 3805 to.
1123 3748 1260 3805 iteductis
1271 3764 1343 3821 ergo
1357 3750 1388 3805 in
1399 3751 1593 3809 concordiam
1605 3751 1688 3825 pacis
1702 3752 1847 3827 episeopo

153 3825 155 3830 '
182 3831 226 3884 27.
246 3828 332 3884 Anno
347 3827 970 3903 sequentitiitolepiscopusconsummato
1022 3839 1051 3894 'et
1064 3836 1181 3903 comite,
1198 3838 1374 3895 Godelridus
1388 3839 1848 3914 lovaniensisdnxgreviadver-

145 3915 186 3975 ad
200 3919 373 3973 sotumsute
383 3914 574 3988 protectionis
583 3917 969 3992 negotio‚prosperoitiners
1023 3940 1075 3981 sus
1089 3931 1206 3982 nostros
1219 3941 1363 3983 aecensus
1373 3927 1638 4004 estindignationis
1647 3928 1754 3995 lurore,
1763 3931 1845 4003 quod

145 4004 288 4077 sanisque
299 4003 453 4071 omnibus,
477 4003 529 4079 qui
544 4005 575 4062 in
589 4006 734 4064 comitatu
761 4010 826 4079 elus
840 4008 966 4080 tuerent,
1022 4013 1132 4072 scilicet
1149 4015 1218 4072 etin
1231 4014 1368 4086 juvando
1390 4016 1566 4090 episcopum
1580 4024 1684 4075 contra
1704 4017 1846 4076 comitem

144 4090 268 4151 tandem
284 4091 425 4150 leodium
451 4095 498 4150 est
517 4108 666 4151 resersus.
689 4096 746 4162 0οἰ
769 4103 877 4156 etanta
889 4100 968 4158 bane
1021 4117 1128 4176 pacem
1145 4102 1201 4160 sibi
1213 4102 1345 4176 juratam
1369 4106 1602 4178 presumsissent
1614 4105 1785 4178 intringere.
1811 4109 1846 4166 et

142 4179 359 4256 protectionem
371 4185 477 4254 etpost
493 4181 623 4240 reditum
639 4183 751 4242 crebris
765 4184 888 4244 Gerardi
911 4189 969 4248 Lo·
1021 4192 1211 4250 advectiones
1220 4192 1346 4250 lorensis
1354 4193 1551 4261 mercimonii,
1566 4211 1634 4270 ques
1644 4197 1681 4253 de
1695 4201 1774 4255 terra
1788 4214 1847 4256 sua

143 4269 248 4327 nensis
255 4268 665 4345 comitistnlestatusinjuriis‚
672 4286 749 4347 quas
761 4273 789 4331 ei
801 4275 831 4333 in
841 4276 967 4335 decimis
986 4279 1258 4351 dadsehebentur,
1281 4282 1400 4339 interim
1413 4282 1603 4341 interdicens.
1615 4284 1739 4357 jurabat
1760 4285 1844 4344 malo

142 4361 172 4416 et
184 4358 326 4431 precariis
340 4357 479 4417 villarum
489 4359 718 4420 eteoclesiarum
729 4364 806 4420 adse
821 4368 968 4438 pertinen·
1020 4385 1126 4428 eorum
1147 4369 1207 4427 hoc
1231 4371 1348 4439 iecisse,
1373 4388 1496 4447 sperans
1514 4388 1566 4431 eos
1590 4373 1681 4432 minis
1704 4375 1769 4434 suis
1791 4383 1846 4436 ter·

143 4445 436 4519 tiumarrogonteret
452 4448 749 4521 snperbeingerebst,
758 4451 829 4525 quia
839 4453 966 4512 minaset
983 4483 1007 4540 ῃ
1020 4458 1105 4523 ritos.
1116 4459 1245 4529 gruttam
1256 4476 1343 4518 suam
1353 4461 1481 4535 pecunia
1493 4463 1702 4536 redempturos
1715 4463 1789 4535 lore,

142 4533 484 4595 excommunicationem
494 4535 764 4595 intentandonichil
778 4539 964 4613 proficiebat,
1057 4551 1101 4604 et.
1115 4548 1221 4605 (10ωο0
1236 4565 1357 4624 quoque
1372 4553 1515 4610 lonensis
1531 4554 1629 4611 omnia
1638 4569 1707 4629 quse
1720 4569 1844 4630 perpes·

142 4620 335 4695 superbisset
351 4623 530 4692 erroganda
543 4624 609 4694 ejus
623 4624 736 4682 viribus
749 4631 779 4685 et
803 4630 893 4687 armis
908 4633 965 4690 ob·
1021 4652 1072 4694 sus
1081 4636 1176 4697 iuerat
1185 4637 1216 4695 in
1225 4654 1277 4698 eos
1288 4644 1476 4714 retorquens,
1494 4642 1533 4700 ad
1555 4642 1761 4719 imperatorem
1779 4661 1845 4719 pro-

140 4708 222 4769 riare
240 4712 337 4782 parat.
345 4709 531 4809 veniensque
545 4710 628 4784 apud
643 4727 709 4782 nos,
724 4716 898 4776 necessitate
917 4735 965 4779 ur·
1019 4725 1172 4800 ficiscitur,
1187 4726 1275 4802 eique
1285 4726 1401 4788 tristem
1415 4728 1613 4790 icrtunesuer
1626 4734 1777 4807 depromit
1789 4735 1845 4808 hy-

141 4802 229 4898 gente
239 4801 394 4899 renovavit
407 4812 477 4855 cum
484 4800 666 4898 nostratibus
680 4800 768 4861 ledus
777 4804 921 4866 amicicias
936 4817 965 4869 et
1020 4816 1152 4874 storiam.
1164 4816 1259 4883 ouem
1272 4816 1537 4879 adsuseuiendum
1551 4820 1609 4880 sibi
1620 4820 1843 4882 calamitatibus

140 4886 565 4960 lldelrtatrsperseveruntram,
578 4886 743 4949 adhortans
761 4907 823 4962 eos,
839 4909 901 4956 una
919 4913 963 4956 se·
1019 4904 1082 4960 suis
1095 4902 1539 4978 inclinans,instigetadversum
1551 4911 1842 4970 nostrateshomines

140 4988 211 5033 enm
222 4974 327 5033 tdoisci
341 4975 372 5032 in
393 4975 535 5033 comitem
549 4993 639 5036 suam
665 4981 801 5039 etsaneti
814 4983 963 5045 Lembertl
1016 4992 1048 5048 in
1061 4991 1107 5049 sui
1122 4992 1298 5052 vindictam.
1313 4993 1369 5061 oui
1395 4993 1565 5069 trequentes
1585 4991 1625 5055 ed
1641 5014 1678 5057 eo
1692 4998 1842 5067 mandati,

139 5062 292 5135 iniuriam.
307 5066 372 5132 000
390 5071 539 5139 comperto
562 5083 674 5136 comes,
685 5085 742 5128 nec
754 5071 821 5145 ipse
834 5074 874 5132 ad
892 5077 963 5134 resi·
994 5076 1140 5139 ttmdem
1154 5083 1329 5140 necessitate
1346 5088 1469 5155 urgente
1488 5086 1661 5160 episcopum
1676 5087 1842 5161 superbos

139 5153 280 5214 sendum
290 5153 419 5227 segnior,
434 5154 559 5215 collecta
573 5156 673 5216 relide
686 5158 809 5219 militum
825 5179 928 5234 manu,
945 5173 962 5226 0
1016 5167 1186 5237 consulunt,
1201 5170 1229 5226 ei
1240 5173 1274 5227 ut
1284 5184 1338 5227 eos
1352 5184 1444 5244 super
1456 5159 1702 5247 querela'o'omi'tis
1717 5181 1843 5237 exsuta-

924 5267 1040 5330 born.

187 5349 238 5407 070
264 5348 438 5408 rachelem
453 5352 498 5433 lli·
511 5354 547 5434 ,et
559 5351 703 5426 calixtum
718 5360 765 5416 111.
913 5372 922 5410 ·=.
1012 5362 1222 5433 flggpgfpp
1241 5357 1492 5428 mgmgffl5
1535 5359 1555 5382 .·
1677 5375 1683 5382 -

187 5424 239 5478 000
266 5420 400 5502 (100000
415 5420 532 5480 concni
557 5425 639 5498 apud
656 5423 750 5486 ltansi
770 5429 857 5500 xxvi,
881 5421 959 5504 tim
1063 5438 1110 5492 set
1144 5433 1324 5493 00000000.

137 5494 497 5603 00000000000000000
519 5508 650 5574 quorum
665 5505 959 5577 nnmeruseratttli,
1061 5504 1114 5566 000
1139 5494 1349 5584 matese..
1461 5467 1481 5564 f

311 5618 319 5636 Ι
