3884 6050
19 188 112 253 ,804
402 188 610 261 cuncutitur
631 191 843 263 mamm.
864 225 905 245 ··
924 190 994 265 ΗΒ.
1015 192 1044 263 11
1063 198 1233 271 adelbert
1254 202 1386 273 tecm.
1694 218 1767 287 ’801

38 324 153 381 monae
164 330 255 385 noctu
267 322 357 397 hujus
369 323 464 382 nostri
476 326 648 387 monasterii
656 326 783 399 ingressi
797 324 884 387 cellc-
896 328 924 393 Δ
939 328 971 387 at
984 331 1130 404 quonim
1146 336 1283 399 nomm
1299 338 1423 399 ecelesia
1436 345 1557 414 puro„
1570 342 1710 407 quamq,
1721 363 1768 406 qq.

36 411 143 481 rium,
159 426 414 479 eames.easeum‚
425 411 602 486 tardumque
608 414 675 475 inde
682 415 882 488 surripientes,
937 426 1101 489 manserat,
1113 427 1141 479 ot
1152 423 1281 483 haretici
1291 432 1378 500 alque
1386 429 1570 489 schismatici
1583 449 1668 495 more
1679 435 1766 510 lupe-

36 499 679 574 euoahismercibuesacculosimpleverunl,
689 503 768 563 toras
780 509 882 565 aulem
935 519 1004 563 rum
1016 506 1429 585 illamoilobnnturinvadere,
1443 519 1611 579 Desiderius
1624 537 1686 581 una
1695 539 1766 587 oum

8 620 9 631 ¹
36 588 176 658 efflui,
198 589 336 647 ⁸⁸00OEOE
359 605 436 662 ‹1¹¹⁰ss
449 589 754 662 impltlssffisslletm
768 594 879 659 contii·
934 595 1122 669 epitccpitet
1131 600 1342 672 cardinalibus,
1352 608 1601 671 necncnellaieis
1609 610 1765 684 religiosis,

7 752 8 769 ἵ
34 678 176 736 minime
188 683 358 752 potuerunt
371 677 441 735 Dein
455 677 558 738 relicta
569 681 687 739 moine
703 686 881 755 temptantes
934 683 988 756 qui
1001 690 1124 749 actenus
1136 689 1167 749 in
1179 691 1328 759 catholica
1339 693 1451 755 unimte
1462 700 1491 753 ct
1503 698 1675 757 obedientia
1682 716 1765 775 pape

6 788 7 845 j
35 765 333 842 togampertotios
346 767 880 831 excursumnccb’smooaetsriielau·
934 768 1069 843 Gregorii
1091 775 1216 839 fideliter
1238 781 1436 853 munimur,
1464 784 1553 856 effipia
1585 787 1765 847 mmmm,-

5 898 6 901 ,
34 855 882 931 sosmmomeunteenutlsmenredisodilssottstenps·
933 873 1024 930 agere
1042 862 1167 934 qualiter
1184 882 1254 925 eam
1266 873 1367 941 posset
1389 869 1597 933 decentissime
1611 874 1761 935 ordinare.

31 946 126 1003 nitus
139 946 284 1019 romeqrsi
296 944 462 1005 velamant
472 945 653 1019 llisqucqus
664 944 772 1007 diebus
785 945 818 1009 iu
832 953 882 1005 ao·
933 947 1074 1007 lliserunt
1083 965 1164 1024 erqo,
1173 959 1204 1013 et
1218 957 1378 1017 convenire
1388 956 1522 1021 lecerunt
1532 961 1666 1036 undique
1676 971 1762 1037 eptas

33 1033 134 1093 clesia
145 1049 217 1107 quae
228 1041 275 1092 est
285 1032 477 1093 edbonorem
489 1033 582 1106 penis
591 1032 876 1107 Benedictiinparti·
932 1031 1003 1093 buie
1009 1034 1109 1096 officio
1119 1055 1274 1113 personas,
1287 1045 1431 1117 quatinus
1440 1062 1476 1105 οι
1489 1048 1531 1105 sie
1542 1050 1678 1108 unanimi
1692 1068 1763 1112 002.

31 1120 96 1179 bus
115 1123 245 1181 Liburiee
264 1122 534 1191 manusteneas
560 1120 678 1193 insigne
696 1123 875 1185 miraculum
930 1138 1022 1183 sensu
1033 1141 1102 1185 sam
1116 1143 1277 1200 personam
1291 1148 1361 1193 oum
1372 1135 1508 1206 qratiaet
1521 1138 1632 1197 aumbo
1641 1140 1692 1201 Dei
1711 1140 1762 1199 «υ.

30 1209 157 1269 iactum
171 1215 225 1270 est
241 1214 316 1270 Nem
325 1227 394 1271 cnm
403 1210 529 1285 quidam
542 1209 633 1273 trater
646 1211 686 1271 ad
705 1212 875 1273 mrradoum
928 1218 1044 1284 rerem,
1058 1229 1128 1289 qua
1138 1217 1248 1291 monae
1259 1227 1288 1291 et
1301 1227 1374 1295 ecta
1383 1226 1466 1285 tacto
1477 1224 1576 1287 ordini
1586 1234 1672 1285 esser
1688 1230 1762 1287 con·

31 1314 53 1357 a
74 1300 219 1358 ruricolis
233 1299 443 1373 accipiendum
457 1298 588 1359 directus
613 1299 727 1369 luisset,
742 1301 874 1361 rusticos
928 1301 1273 1378 venientesposlbmoad
1284 1310 1606 1382 praedictumabbatem
1624 1316 1761 1391 epiceopi

30 1388 170 1462 qnidam
195 1404 215 1446 a
240 1404 301 1463 quo
329 1388 457 1449 triticum
480 1389 666 1460 smpebmur,
685 1389 874 1463 intempestae
928 1390 1759 1476 elcardinalespooepsrunteumuperprffitgfipommqi,

20 1479 136 1535 noetis
152 1478 267 1537 suendo
282 1492 406 1537 saccum
430 1474 579 1535 bomonto
594 1477 724 1551 implens
741 1485 771 1535 st
784 1493 875 1553 super
924 1476 1040 1550 judicio
1054 1481 1216 1555 appellare,
1233 1490 1323 1559 utque
1335 1486 1366 1544 in
1378 1493 1461 1549 mala
1475 1492 1617 1565 temporis
1632 1492 1761 1552 neesso-

28 1564 185 1625 bumeros
195 1565 429 1639 ponenaiugam
440 1565 638 1638 arripuitsed
648 1567 707 1624 boo
719 1581 810 1625 verax
820 1581 875 1640 per
927 1570 988 1625 tate
1000 1568 1178 1640 periclitanti
1191 1576 1362 1633 subveniret
1376 1576 1518 1645 sceleriis,
1533 1586 1680 1653 papatum
1695 1598 1762 1641 sue·

28 1654 194 1713 ηωὶοηιηω
207 1655 268 1713 lata
281 1654 427 1713 sententia
441 1653 570 1725 Regem:
583 1654 639 1720 Qut
650 1655 778 1719 andalat
790 1657 822 1713 to
834 1662 875 1713 ts·
888 1691 912 1753 B
928 1653 1615 1740 cipiendo,instantissimelleqitare.ddbeeoille,
1622 1674 1760 1743 papatum

27 1745 150 1815 ubete,
165 1742 326 1816 memque
341 1750 400 1812 eat,
423 1745 494 1815 qais
512 1743 637 1802 tenebra
657 1745 873 1803 obcecaverunt
929 1743 1042 1814 quidem
1050 1761 1083 1803 se
1092 1748 1237 1820 suscipere
1244 1749 1672 1829 obstinatissimarssponsiona
1679 1775 1760 1819 meu.

28 1835 136 1892 oculu
151 1835 226 1903 ejur-
241 1833 340 1906 (Jccs.
353 1848 404 1899 nr,
428 1833 485 1905 ³5).
499 1835 574 1892 itam
588 1834 641 1907 qui
660 1833 749 1905 jussa
764 1832 875 1905 princi!
928 1833 1093 1899 actitabis
1115 1852 1185 1895 vero
1194 1836 1306 1911 quibus
1326 1840 1453 1899 eoiretal
1466 1850 1568 1916 posset
1581 1846 1691 1915 modis,
1719 1847 1759 1906 ad

28 1921 81 1995 pis
93 1920 288 1981 tenebrarum
302 1920 388 1983 omni
399 1920 711 1994 conamineomnique
728 1918 873 1978 melantia
926 1921 1071 1981 Romanae
1083 1923 1213 1985 ecclesie
1219 1927 1443 1989 servidumesre
1455 1939 1594 2003 paratum
1607 1948 1675 1992 csse
1688 1949 1758 2008 spo·

29 2010 163 2083 implere
174 2011 260 2069 niam
274 2015 329 2079 eat,
341 2024 396 2082 per
409 2010 490 2069 viam
503 2014 618 2069 rectam
628 2024 661 2067 se
670 2008 808 2069 incedere
819 2024 870 2081 pu·
925 2009 1043 2081 pendit
1060 2011 1112 2070 tiis
1130 2021 1315 2086 pentecostes
1342 2019 1424 2089 (dan.
1441 2019 1481 2092 B.)
1505 2020 1665 2081 savinensi
1680 2023 1757 2097 epi..

31 2103 117 2164 tana,
129 2114 182 2171 per
196 2104 289 2161 totam
302 2103 422 2161 noemm
442 2097 610 2157 incircuitu
624 2097 871 2159 ommutesce
924 2110 1003 2170 copo
1017 2100 1110 2173 (1234)
1124 2101 1301 2165 etGratianc
1313 2107 1604 2167 itomavsniontibus
1614 2111 1754 2177 occurrit,

30 2186 207 2247 ambulavit
218 2203 225 2254 ;
235 2186 283 2243 ubi
304 2192 400 2245 autem
415 2186 475 2247 dies
489 2190 535 2244 est
547 2185 664 2244 reddita
677 2185 771 2251 terris,
785 2187 817 2245 in
838 2200 870 2241 se
923 2184 1028 2259 eisque
1041 2189 1210 2263 verbaque
1233 2207 1304 2251 com
1316 2209 1396 2268 papa
1410 2194 1555 2267 Gregorio
1569 2197 1608 2257 de
1621 2198 1755 2259 erotesis

30 2273 870 2350 rustinusrediena,etquodinreeratadverlens,volebat
922 2274 1113 2335 ordinatione
1126 2278 1274 2344 babuerat
1297 2282 1404 2356 retulit,
1422 2285 1587 2359 pariterque
1615 2302 1686 2349 oum
1712 2289 1755 2348 eis

32 2381 108 2424 eom
120 2364 219 2427 tritico
229 2364 342 2436 egredi,
357 2362 869 2437 etnequibst5volebetbiticumde
921 2359 1756 2451 lordonumprinoipemstaaynuttomeomitsnpma)

31 2452 787 2529 collosoodeponere,etmioimepoteratltonacbus
801 2467 869 2509 vero
922 2450 1003 2521 adiit,
1027 2458 1119 2529 atque
1140 2455 1181 2513 ad
1195 2457 1349 2518 servitium
1364 2464 1395 2517 et
1411 2460 1596 2535 adjutorium
1611 2466 1754 2527 Romane

30 2540 868 2617 completirymnismatutioalibusecdaaiameqrediens,
922 2538 1055 2601 ecclesia
1066 2543 1753 2626 adhortatus,libentissimsadomniaparalos

29 2648 169 2707 eumque
179 2633 322 2689 divinitus
333 2630 461 2703 ligatum
474 2630 633 2704 aspiciens,
647 2635 808 2704 postquam
827 2631 868 2689 ab
921 2626 1043 2689 invenit.
1055 2631 1149 2705 Cmpit
1161 2633 1269 2695 deinde
1280 2635 1487 2696 cardinalibus
1508 2640 1696 2701 vehementer
1708 2643 1752 2702 in·

29 2721 102 2795 ipso
116 2720 208 2779 totius
221 2722 264 2785 rei
273 2719 383 2779 seriem
396 2718 517 2789 dedicit,
525 2719 691 2779 orationem
703 2720 765 2777 Deo
776 2721 868 2779 Bene-
921 2716 1036 2783 sittace,
1052 2724 1084 2781 ut
1094 2719 1132 2779 de
1146 2721 1566 2799 pontifleiseliqsndipersona
1575 2731 1753 2801 quantocius

29 2811 175 2884 diemque
185 2809 262 2883 patri
270 2806 606 2874 sanctissimolundens,
615 2808 867 2867 rusticumanexn
920 2804 1165 2877 deliberarentet
1180 2810 1455 2873 utadoomitisacm
1466 2815 1752 2887 llattildamlittcrac

27 2915 96 2975 quo
110 2898 297 2959 detinebatur
310 2897 394 2955 ocius
403 2895 721 2970 solsitllocpreetarca
731 2903 866 2972 tempora
920 2896 1079 2963 mitterent,
1094 2896 1230 2969 quatinus
1246 2897 1378 2956 studeret
1392 2907 1422 2961 ut
1444 2907 1475 2958 et
1486 2903 1597 2977 liquos
1614 2905 1751 2977 predixi.

28 2988 326 3062 tsmssmsximapsr
337 2986 863 3061 iotamteremtismlseaestpmi).
919 2998 989 3042 mus
1007 2984 1150 3060 episcopi,
1162 2991 1192 3046 et
1205 2987 1476 3063 quotquotidonees
1484 2995 1566 3064 tanto
1577 2991 1677 3053 officio
1687 3010 1754 3069 per·

28 3080 115 3137 Tune
126 3076 294 3138 Desiderius
304 3091 376 3134 eum
389 3074 759 3136 nsumusoemmunieeto
768 3075 864 3134 consi·
880 3054 903 3117 (ἶ
919 3086 1003 3131 eone
1011 3072 1229 3148 judicarentur,
1245 3078 1371 3136 bomem
1378 3078 1443 3136 sine
1453 3079 1592 3140 tarditate
1605 3084 1751 3144 venirent.

27 3168 83 3234 lio,
96 3164 181 3224 cibos
193 3163 396 3237 indigentibus
407 3162 597 3226 abundanter
610 3163 791 3234 conferebat.
918 3161 1006 3228 Quod
1015 3161 1058 3222 illi
1071 3161 1375 3238 lacemnesslegentee,
1389 3166 1598 3228 cumtordano
1618 3171 1752 3248 principe

67 3260 114 3314 ab.
122 3258 218 3316 ,Δηηη
229 3260 331 3314 autem
339 3253 499 3314 dominicas
508 3252 723 3318 incarnationis
733 3253 812 3321 ¹085,
820 3252 864 3314 in·
917 3248 997 3308 clam
1011 3249 1263 3320 machinabantur
1275 3252 1375 3314 susm
1387 3254 1492 3316 abbati
1502 3257 1686 3329 pastoralem
1700 3276 1753 3318 ou·

27 3345 292 3411 memorarem
312 3341 490 3410 venerabilis
503 3356 540 3400 ac
559 3356 679 3415 semper
695 3341 863 3404 recolende
916 3338 1164 3416 midjungard,
1186 3346 1216 3400 et
1230 3343 1426 3404 suasionibus
1449 3344 1553 3403 multis
1576 3346 1752 3418 nitebantur

28 3433 188 3494 memorias
201 3431 343 3498 dominus
355 3431 514 3504 Gregorius
529 3431 674 3503 septimus
689 3445 767 3504 papa
780 3430 864 3505 apud
917 3441 987 3484 aum
997 3430 1213 3502 quoquomodo
1223 3432 1350 3492 Romam
1355 3432 1529 3506 perducere,
1537 3439 1678 3508 putantes
1689 3437 1751 3495 vio·

27 3522 189 3584 Salernum
201 3519 371 3580 infirmitate
381 3518 686 3591 maenadetineretur,
701 3519 865 3592 'mtsrroqe-
917 3514 1012 3576 lenter
1022 3532 1055 3574 se
1068 3513 1141 3577 idei
1157 3533 1247 3594 pesae
1260 3519 1427 3594 imponere.
1443 3521 1530 3591 Quod
1544 3522 1610 3598 ipse
1625 3540 1751 3598 persen·

30 3618 81 3672 tus
94 3615 166 3672 cate
179 3611 261 3668 diem
274 3608 392 3668 tertium
416 3608 516 3666 obitus
540 3607 589 3666 sui
601 3606 639 3665 ab
652 3606 810 3682 episcopie,
834 3613 864 3667 et
917 3604 1003 3674 tiens,
1017 3606 1142 3666 omnino
1151 3623 1276 3668 renuere
1285 3613 1315 3672 el
1324 3610 1528 3672 contradicere
1539 3613 1635 3685 eoepit.
1647 3611 1752 3690 sieque

28 3696 308 3771 cardinalibus,qui
315 3702 530 3756 tuncunacum
539 3695 691 3756 Desiderio
701 3702 863 3769 presentes
917 3693 1030 3756 adhoc
1045 3695 1261 3756 murmurium
1274 3713 1421 3767 reversus,
1434 3700 1545 3762 ilerum
1560 3703 1751 3764 llormannos

28 3795 130 3853 erant,
144 3788 217 3863 quid
229 3786 516 3861 postsuumobitum
526 3784 712 3844 dellcmanm
724 3785 804 3842 sedis
817 3800 864 3846 cr·
916 3782 1168 3855 etLaogobardos
1178 3789 1207 3844 el
1217 3800 1323 3845 omnes
1330 3793 1481 3862 quotquot
1493 3788 1596 3863 poluit,
1607 3792 1698 3850 ortari
1710 3790 1751 3850 ad

26 3877 184 3940 dintiom
194 3876 314 3948 iuberet
325 3873 506 3947 ;respondit,
524 3878 557 3932 ut
570 3875 595 3931 si
610 3889 746 3952 unquam
761 3874 863 3949 aliquo
917 3873 1058 3931 Romane
1069 3873 1203 3932 ecclesiae
1217 3874 1373 3935 servitium
1384 3878 1483 3951 coepil,
1497 3883 1525 3936 et
1542 3877 1652 3938 multos
1661 3895 1698 3936 er
1707 3879 1751 3937 eis

26 3967 264 4040 modopoessnt,
276 3962 603 4030 eundembesiderium
614 3961 655 4020 ad
664 3957 863 4024 booetiioium
917 3965 1108 4036 promptoset
1121 3966 1242 4035 parator
1250 3962 1287 4020 ad
1295 3978 1360 4021 rem
1366 3963 1466 4040 ipsam
1473 3965 1595 4025 invenit.
1610 3966 1667 4026 Sed
1677 3968 1750 4042 quis

27 4059 252 4131 promoverent.
263 4052 377 4114 isenim
387 4059 493 4125 prater
505 4052 538 4110 id
549 4052 630 4126 quod
640 4051 771 4124 primum
784 4066 865 4125 pres·
917 4048 1017 4106 lervor
1030 4050 1141 4110 eruas
1157 4049 1269 4110 nimius
1281 4058 1353 4120 erat,
1367 4058 1528 4128 propterea
1539 4061 1611 4112 tunc
1621 4055 1749 4118 Romam

26 4146 118 4218 bylcr
144 4142 306 4202 aromate
329 4143 471 4202 nomene
487 4145 553 4199 tuno
567 4140 700 4200 ecclesiae
727 4147 814 4206 esset,
835 4148 864 4203 et
917 4136 961 4198 ire
975 4135 1165 4207 dialulerunt,
1177 4153 1337 4213 quousque
1349 4156 1381 4198 se
1395 4147 1425 4198 et
1438 4141 1521 4222 calor
1535 4144 1643 4204 astatis
1650 4144 1749 4204 immi·

28 4233 192 4308 promotis
204 4230 348 4298 maxima,
364 4236 393 4290 st
404 4228 539 4302 religioni
554 4228 745 4300 singulariet
756 4231 864 4303 prinoi-
917 4232 1033 4291 oneret,
1048 4232 1077 4283 et
1097 4232 1232 4304 tempora
1254 4229 1376 4292 infirma
1399 4229 1569 4290 usodmnt.
1585 4235 1748 4308 Postquam

28 4338 106 4397 pum
119 4320 421 4382 circummanentium
436 4317 569 4378 amicitia
579 4317 672 4378 mults
687 4318 821 4392 polleret
834 4318 865 4380 si
917 4331 989 4377 vero
1004 4314 1143 4390 princeps
1166 4315 1315 4378 conducto
1329 4318 1460 4378 exercita
1486 4319 1578 4396 hujus
1591 4320 1633 4377 rei
1650 4321 1748 4394 qratia

28 4426 104 4472 aero
116 4412 199 4470 hune
212 4407 509 4469 oudamnussseetars
521 4407 561 4468 ad
572 4410 631 4468 ista
655 4407 798 4474 oderem,
811 4412 863 4468 aut
881 4412 903 4472 ι)
918 4403 1141 4464 itomnmeunci
1147 4403 1345 4478 Campaniam
1354 4405 1748 4478 venit,ecmitantibusetiam

28 4498 294 4572 arehiepiscopum
312 4495 544 4569 Lugdunensem
558 4496 862 4567 qunem,aut0ttc·
916 4509 948 4552 re
970 4508 1116 4554 unacum
1142 4493 1291 4574 Desiderio
1302 4494 1453 4554 nonnullis
1467 4495 1601 4572 partium
1615 4495 1746 4558 istarum

28 4584 551 4654 nemitostisosem,autbuososem
566 4583 861 4660 episcopumlttltt),
906 4581 1073 4664 episcopis,
1096 4579 1539 4662 ipeesuspeetusprediotorum
1548 4583 1745 4645 consiliorum
1799 4605 1802 4608 ·

30 4692 124 4751 qoem
138 4675 321 4748 priusexbis
331 4673 581 4746 baberepoasent,
593 4671 625 4730 in
633 4687 745 4746 papam
753 4673 861 4746 eligere
902 4670 1042 4744 ‚amplius
1055 4669 1215 4746 procedere
1227 4669 1332 4740 naluit,
1347 4670 1451 4732 dicens
1461 4672 1547 4748 qaod
1565 4671 1626 4736 nisi
1640 4673 1746 4734 lorda-

28 4771 101 4838 post
109 4779 199 4824 suum
211 4762 329 4822 obitum
340 4761 518 4835 quantocius
536 4758 722 4836 festinarent.
735 4763 860 4824 ilcesta·
914 4759 1256 4833 nnsprioeepseteomes
1263 4759 1428 4837 aspasius
1437 4769 1466 4824 et
1480 4762 1612 4838 episcopi
1619 4763 1747 4826 Romani

29 4857 105 4918 tcto,
121 4851 277 4910 delunetus
291 4855 346 4918 est,
374 4855 479 4910 octavo
502 4847 795 4913 ecclesiasticen,
810 4850 859 4908 die
913 4848 1006 4910 tidem
1019 4863 1107 4908 suam
1117 4845 1177 4907 slbi
1185 4850 1326 4926 presenti
1336 4850 1577 4918 darent,nullsm
1590 4851 1746 4927 superbae

29 4941 193 5013 dominica,
219 4948 250 4999 et
270 4937 483 4997 honorabiliter
504 4937 582 4995 intra
605 4936 763 4994 ecclesiam
782 4937 857 4995 beati
911 4953 943 4996 re
960 4937 1022 4996 vim
1041 4937 1083 4994 illi
1097 4937 1242 5004 illaturos,
1263 4938 1452 5012 nequealics
1464 4937 1572 4996 inferre
1586 4954 1742 5015 passuros,

28 5031 149 5091 Hatthei
164 5027 535 5105 apostolieterauqeliste
549 5024 693 5100 sepultus,
719 5042 790 5085 eum
813 5043 857 5087 se·
910 5012 975 5103 ipse
989 5024 1300 5086 enmeianullalenus
1313 5032 1459 5101 pergeret.
1475 5027 1677 5087 Renuentlbus
1697 5027 1742 5092 la·

28 5120 123 5180 dismt
137 5121 169 5179 in
189 5118 367 5196 pontificatu
385 5118 473 5178 annis
490 5116 533 5186 tt,
549 5130 653 5174 mense
666 5119 691 5183 l,
706 5115 814 5175 diebus
827 5118 854 5180 3,
910 5132 987 5183 cere,
999 5116 1059 5174 bac
1072 5114 1111 5173 de
1123 5130 1217 5175 causa
1232 5131 1281 5176 res
1293 5122 1364 5178 tunc
1378 5114 1489 5184 inlecta
1500 5117 1657 5182 remansit.

816 5293 936 5356 doceb.

16 5587 20 5596 ·
65 5500 148 5672 8²23}
177 5503 368 5638 ffiissnuffil
386 5494 495 5602 rein„
945 5494 1031 5668 8²2ss
1060 5491 1192 5629 {¹2⁸3ss
1211 5521 1375 5630 crusni
1392 5568 1547 5654 praepa.
