3884 6050
211 166 338 296 lust*
612 258 620 275 .
802 248 839 254 --
920 210 1198 287 munuum
1845 202 1915 292 rot

210 363 371 424 Fundanus
382 363 500 419 creatur
514 360 571 428 est,
585 349 623 413 de
637 360 709 431 quo.
728 351 802 428 qula
825 350 922 410 adhuc
949 353 1034 423 vivit,
1052 357 1074 419 t
1089 354 1485 431 Maximilianiimperatoris.
1498 362 1529 418 at
1539 358 1580 417 l’ti
1590 356 1613 416 T
1624 358 1771 432 pontilicis
1783 376 1871 428 max;
1881 363 1910 418 tls

209 466 312 510 meum
323 448 473 522 iudicium
487 445 677 514 subtraham,
691 457 729 499 ne
743 441 774 499 in
787 439 959 499 alterutram
967 457 1034 515 par·
1088 444 1912 524 laudibuscasinensislurenbrtis;ibidemquellberode·

209 545 332 601 tamaut
344 535 476 596 adulatio
489 534 578 592 inme
590 531 834 605 reprehendatur,
846 532 899 587 ant
911 530 1034 589 ventas.
1088 547 1156 591 rum
1171 533 1361 608 appenditur,
1371 536 1436 594 etin
1452 535 1911 597 tinecontinetnrliber'l'ristion

512 621 626 680 CAPUT
639 619 728 678 llillV.
1088 621 1138 680 ubi
1152 639 1224 681 snas
1236 627 1265 681 et
1276 623 1444 682 amicorum
1458 641 1610 684 erumnas
1620 626 1750 700 ruffiaco
1765 627 1912 697 decantat,

511 729 544 770 ne
567 724 730 768 rasorsrno.
1088 717 1157 769 sunt
1171 718 1200 769 et
1214 716 1343 786 quatuor
1357 713 1494 785 ejrrsdem
1504 713 1628 788 emogac.
1638 716 1760 790 Scripsit
1775 721 1912 790 praeterat

244 807 303 882 (70)
317 802 496 878 Theophilus
512 798 693 860 Senensisin
707 797 814 856 casino
838 797 896 855 suh
919 796 1033 868 angelo
1086 798 1244 857 innumera
1254 800 1715 879 epigrammatarediditquoqne
1723 804 1912 864 declamatio

210 895 356 969 sangrino
364 893 471 952 abbata
483 888 654 951 monachus
676 887 839 955 iacturast,
853 884 1032 957 stringente
1087 904 1140 945 nes
1149 894 1181 946 at
1191 904 1346 948 sermones
1357 889 1480 965 aliquot,
1493 890 1634 950 homiliae
1647 892 1724 951 duas
1742 909 1837 966 prosa
1852 910 1913 952 ora·

208 983 379 1061 perspicax,
389 983 421 1039 in
429 978 561 1038 scientiis
570 976 658 1035 valde
666 975 811 1047 eruditus,
823 973 1034 1048 aeruminphi·
1086 978 1175 1035 tione
1192 978 1265 1036 ltem
1277 977 1528 1053 expositionemin
1540 981 1701 1057 Epistulam
1711 981 1771 1040 divi
1780 982 1911 1041 Pauliad

207 1071 354 1145 losophia,
377 1066 592 1128 mathematica
614 1072 643 1123 et
657 1063 805 1136 theologia
827 1063 1032 1132 doctissimus,
1087 1069 1250 1135 Romanos,
1265 1068 1336 1126 etin
1350 1067 1460 1126 librum
1479 1068 1710 1128 Perhermenias
1737 1070 1910 1128 Aristotelia.

207 1162 285 1220 adeo
299 1167 332 1218 ut
344 1159 408 1216 suis
422 1155 603 1230 temporibus
618 1154 649 1210 in
673 1153 905 1225 congregatione
928 1157 1033 1210 nostra
1087 1154 1718 1233 Mataroaautemlinguaquamplnrimapie
1731 1160 1911 1217 carminade

207 1239 1031 1314 casinensiadmirabiiishaberetur.Tloruittemporibus
1085 1243 1227 1302 laudibus
1241 1244 1378 1316 gloriosae
1386 1245 1511 1319 virginis
1522 1247 1631 1318 Mariae,
1641 1253 1671 1306 et
1687 1249 1827 1322 usquein
1840 1265 1910 1323 pra»

206 1339 328 1407 noshis,
339 1344 368 1395 at
380 1336 479 1393 adhuc
491 1333 573 1390 vivit.
589 1332 640 1389 llio
651 1329 700 1387 bis
715 1334 872 1387 vocatura
897 1331 1031 1387 Romano
1086 1338 1201 1392 sentem
1216 1332 1297 1393 diem
1312 1334 1424 1393 scribit.

206 1417 1032 1503 ponbflcetuit,utajmoperainquibusdamecclesia·
1198 1456 1201 1463 ⁴
1374 1422 1491 1482 CAPUT
1500 1424 1613 1483 xxva,

206 1512 422 1587 sticiamgotiis
437 1515 575 1570 uteretur.
592 1509 688 1566 Edidit
702 1511 859 1565 tractatum
891 1508 929 1565 lla
951 1522 1032 1565 nora
1420 1529 1454 1570 ns
1466 1527 1572 1571 raons.

205 1604 388 1663 restitutione
400 1599 579 1660 Kelendanii.
1121 1602 1180 1674 (73)
1188 1601 1320 1660 Thomas
1328 1601 1365 1658 ah
1375 1601 1479 1670 libolo
1489 1602 1663 1661 casinensis
1672 1604 1912 1672 monachus,sub

514 1689 629 1746 capul
641 1688 720 1745 xxv.
1048 1689 1639 1783 anpelosangrinoahbeteiactusest.
1653 1693 1702 1750 Vir
1717 1693 1910 1767 prudentissi

512 1794 546 1833 ns
559 1790 721 1833 mensuro.
1084 1777 1206 1850 ingenio
1213 1778 1348 1852 insignis,
1358 1779 1389 1836 in
1397 1778 1588 1854 Philosophia
1597 1785 1627 1838 et
1633 1781 1742 1838 divinis
1753 1783 1910 1857 scripturis

241 1871 299 1946 (71)
313 1869 488 1928 Benedictus
499 1868 664 1940 Gapuanus
681 1864 713 1921 in
726 1862 833 1925 Casino
847 1861 906 1920 sub
917 1861 1030 1935 Angelo
1085 1867 1290 1929 doctissimus.
1311 1868 1430 1941 scripsit
1440 1867 1550 1927 librum
1565 1868 1763 1944 synodalium
1777 1887 1786 1937 ;
1800 1869 1909 1928 librum

205 1961 350 2033 smgrino
363 1958 471 2017 abbata
490 1956 658 2014 monachus
672 1957 829 2027 susceptus
839 1958 894 2023 ast,
920 1951 965 2009 rir
986 1953 1030 2010 di·
1084 1958 1237 2014 lixaminis
1249 1957 1466 2025 mntesscmm
1482 1961 1511 2014 et
1524 1958 1801 2031 promovendorum
1812 1960 1854 2017 ad
1866 1977 1909 2018 sa·

205 2058 327 2119 scretus,
339 2056 369 2106 et
380 2047 465 2106 ratde
476 2046 610 2103 cruditus
622 2044 653 2100 in
667 2043 774 2100 divinis
784 2049 813 2099 ct
832 2041 975 2099 humanis
985 2040 1031 2099 lit·
1083 2061 1151 2104 cros
1164 2046 1297 2114 ordines,
1311 2051 1338 2104 et
1350 2062 1465 2112 eorum,
1479 2046 1531 2120 qul
1544 2047 1679 2104 mittendi
1691 2047 1811 2105 suntad
1823 2064 1908 2122 pm.

203 2141 284 2198 teris.
299 2141 406 2195 Verum
418 2136 450 2193 in
464 2133 631 2192 scribendis
645 2131 828 2190 carminibus
843 2131 874 2187 ln
892 2135 1030 2189 materne
1083 2136 1195 2194 chiales
1212 2135 1366 2193 Ecclesiae.
1384 2135 1482 2192 Edidit
1495 2150 1618 2209 quoque
1643 2141 1779 2195 materne
1803 2137 1911 2210 lingua

201 2227 307 2299 mgna
316 2232 405 2299 pocta
417 2223 554 2294 insignis,
567 2227 596 2278 et
611 2220 722 2279 nostris
738 2219 924 2293 temporibus
938 2221 1029 2277 admi·
1083 2224 1595 2299 concionesquinquagintaliloruit
1601 2224 1788 2299 temporibus
1796 2228 1912 2285 nostris

201 2315 317 2374 rabilis.
333 2311 431 2370 Edidit
440 2311 551 2369 librum
574 2325 668 2367 unum
695 2308 865 2366 carminum
891 2313 1029 2367 materna
1083 2314 1222 2372 atadhuc
1236 2314 1317 2382 sirit,
1333 2312 1506 2371 siricarius
1520 2313 1911 2385 generallsintotadimcesi

201 2402 317 2475 mgna,
327 2401 358 2457 in
369 2415 432 2475 quo
444 2398 620 2473 martyrium
636 2400 670 2454 0.
680 2397 811 2468 tgnebs,
827 2397 963 2468 Agatha,
976 2399 1031 2455 hu·
1084 2402 1352 2462 casinensisaiatit.

201 2492 264 2561 cias,
279 2490 453 2556 lustina,et
468 2485 799 2545 catharinasdccantat.
819 2486 1029 2561 scripsitque
1374 2491 1489 2550 CAPUT
1503 2493 1615 2551 xxvlll.

201 2596 262 2657 que
274 2582 379 2639 eadam
386 2578 524 2650 linguaat
535 2582 630 2634 metro
636 2580 795 2633 mactatum
800 2573 838 2632 de
846 2573 1029 2647 cogitatione
1384 2596 1419 2637 ns
1434 2594 1605 2638 nuaorrrro.

202 2669 331 2737 mortis;
349 2665 543 2740 Triumphum
567 2669 745 2738 martyrum,
769 2663 977 2723 confessorum
1000 2669 1029 2723 et
1117 2669 1317 2743 Hieronymus
1335 2683 1372 2726 ex
1385 2668 1480 2727 nobili
1489 2669 1651 2727 sersalium
1659 2667 1774 2727 familia
1782 2669 1910 2728 civitatis

203 2756 489 2833 virginum3bbrum
497 2770 591 2813 unum
602 2755 721 2828 piorum
730 2753 900 2812 carminum
908 2754 1028 2816 diverso
1082 2760 1225 2819 maenio
1234 2758 1380 2830 originem
1388 2757 1910 2834 ducens,incesinosublliaronymo

202 2849 418 2922 matrigenera.
432 2843 634 2903 Exstatetiam
657 2843 795 2917 ejusdem
815 2844 962 2916 tragedia
984 2847 1028 2904 ie-
1081 2848 1120 2906 de
1131 2848 1282 2906 Placentia
1290 2846 1381 2921 huius
1390 2847 1467 2905 sacri
1481 2847 1611 2906 caenobii
1619 2847 1731 2905 abbate
1740 2850 1908 2906 monachus

201 2931 1028 3013 phtrsducisisraeliticipopuliscripsitetcommentcria
1081 2936 1331 2996 recenseretur
1349 2935 1457 2994 callido
1470 2937 1593 3012 quidam
1609 2944 1638 2995 et
1653 2936 1754 2994 subtili
1772 2936 1908 3012 ingenio,

200 3027 362 3087 initantum
368 3031 499 3101 poetam
512 3022 735 3097 lididitquoque
744 3022 852 3081 librum
864 3025 1027 3100 unumepi·
1081 3029 1111 3086 in
1124 3026 1267 3085 humanis
1281 3032 1310 3084 et
1319 3025 1542 3084 divinislitterls
1555 3027 1742 3085 mediocriter
1753 3027 1909 3096 eruditus;

200 3117 345 3175 stolarum
351 3111 1024 3186 maternalingua.t·“lornirtemporibnsnoruis‚
1039 3083 1066 3155 ⁰
1081 3131 1183 3174 rerum
1193 3113 1554 3173 inrarumhumanarium
1564 3115 1757 3190 experientta,
1766 3115 1834 3171 etin
1843 3130 1909 3189 per·

198 3207 337 3266 etadhnc
351 3204 431 3263 risit.
1079 3204 1204 3278 agendis
1228 3202 1356 3277 negotiis
1378 3202 1504 3274 insignis
1533 3210 1563 3262 et
1582 3202 1779 3262 admirabilis.
1795 3203 1910 3263 Tloruit

504 3289 617 3347 CAPUT
633 3289 722 3346 xxvt.
1079 3293 1266 3368 temporibus
1298 3291 1417 3363 nostris,
1434 3297 1462 3349 at
1488 3291 1581 3365 hujus
1591 3291 1759 3351 casinensis
1775 3292 1909 3351 coenobii

533 3393 567 3435 nt
580 3392 695 3434 soluts·
1078 3382 1175 3441 abbas
1190 3381 1308 3449 exstitit,
1323 3379 1462 3455 Sepultus
1477 3397 1546 3439 vero
1557 3385 1602 3440 est
1615 3382 1727 3439 Parmae
1750 3380 1782 3438 in
1797 3397 1909 3439 mona-

234 3470 292 3543 (ta)
309 3471 439 3527 ioannes
453 3465 640 3538 evangelista
654 3466 751 3540 patria
765 3466 986 3540 Neapolitanus,
995 3472 1026 3526 et
1079 3471 1168 3529 sterio
1184 3470 1282 3530 Sancti
1299 3471 1423 3528 loannis
1439 3470 1642 3542 Evangellstre,
1660 3469 1712 3528 ubi
1738 3469 1909 3542 capitulum

198 3560 290 3622 nobili
300 3558 514 3618 llormitiorum
529 3555 1024 3624 tamilieoriundus‚monacbusin
1079 3558 1334 3633 generaleoostrae
1344 3558 1909 3631 congregationiscslebratur.lnanno

200 3648 483 3719 Casinoablgnatio
496 3645 690 3720 Neapolitano
704 3654 862 3720 susceptus
890 3652 946 3705 est.
974 3646 1025 3706 Vir
1079 3648 1291 3708 nominilttr.

198 3738 321 3813 ingenio
330 3737 497 3812 perspicax,
513 3742 542 3793 et
555 3736 657 3793 dirim
670 3740 699 3793 at
711 3736 845 3794 humana
858 3735 1025 3796 eruditione
1381 3736 1494 3795 CAPUT
1511 3736 1602 3796 xxix.

197 3829 287 3888 raldo
313 3828 484 3886 instructus.
504 3827 614 3883 Verum
641 3824 672 3882 in
692 3824 880 3884 versificandi
900 3825 1026 3887 scientia
1374 3842 1411 3883 os
1424 3840 1601 3884 monuisse.

196 3917 326 3990 antiquis
352 3931 405 3990 per
420 3914 525 3973 omnia
534 3913 771 3987 comparandus.
786 3913 908 3989 Scripsit
918 3931 1026 3990 quam·
1113 3916 1321 3992 Apollinarisa
1342 3913 1497 3973 Baucoab
1510 3914 1712 3973 adolescentia
1726 3912 1784 3972 snb
1808 3915 1908 3973 Lauro

196 4006 342 4080 plurimos
358 4010 514 4067 tractatus,
526 4004 646 4061 tibrum
668 4003 779 4062 scilicet
801 4005 833 4063 in
853 4019 915 4078 quo
930 4006 1023 4063 conc·
1078 4007 1246 4066 dehantua
1261 4004 1414 4062 abbateio
1443 4004 1551 4062 Casino
1565 4004 1776 4063 monachalem
1790 4011 1906 4062 vestem

195 4097 306 4152 nentur
320 4094 477 4167 precipue
498 4092 617 4151 Domini
631 4091 814 4161 testivitates,
836 4096 917 4152 vario
936 4094 1023 4152 metri
1077 4095 1184 4163 induit,
1196 4094 1309 4168 nbiper
1322 4092 1443 4166 triginta
1457 4091 1550 4151 larmc
1565 4109 1662 4151 annos
1671 4091 1841 4164 angelicam
1851 4108 1906 4167 po

195 4183 592 4258 gencreillustratoe3hbrum
604 4181 891 4256 Deluudeglorioses
900 4185 1023 4256 nrgtnn
1076 4185 1241 4259 nusquam
1262 4182 1427 4240 humanam
1455 4182 1544 4240 sitam
1573 4182 1668 4240 duxit.
1696 4182 1750 4240 llic
1776 4181 1823 4238 rir
1838 4182 1907 4239 vite

195 4274 304 4340 larice.
320 4272 351 4329 in
363 4272 450 4346 cuius
464 4271 544 4329 calce
553 4272 618 4344 ejus
629 4270 801 4328 psalterium
815 4270 947 4345 elegiaco
956 4287 1022 4330 car·
1075 4272 1280 4345 integerrimas,
1309 4269 1453 4329 humanis
1478 4275 1507 4328 et
1520 4269 1629 4328 divinis
1644 4269 1748 4328 litteris
1768 4270 1843 4328 satis
1858 4271 1905 4328 in·

192 4363 275 4420 mine
290 4361 455 4420 concinitur
463 4377 471 4430 ;
484 4361 607 4428 librum,
618 4361 669 4434 qui
683 4360 897 4418 nonnullorum
908 4368 1022 4419 sancto
1076 4367 1216 4431 structus,
1227 4362 1304 4419 adeo
1318 4360 1349 4418 in
1363 4359 1522 4433 scripturis
1534 4361 1627 4417 sacris
1638 4358 1757 4417 deditus
1777 4364 1853 4427 erat,
1869 4365 1904 4419 ut

196 4466 263 4510 rum
273 4451 559 4525 litas,hymnosqua
569 4448 1059 4521 variocarminumgenerecon·1t
1075 4450 1289 4510 exercitationis
1305 4464 1408 4515 causa,
1419 4454 1508 4523 atque
1518 4464 1557 4506 na
1572 4449 1634 4506 otio
1657 4452 1850 4522 torpesceret,
1863 4464 1903 4507 ex

194 4538 276 4597 tinet.
292 4542 389 4597 Exstat
399 4546 429 4597 et
442 4539 520 4597 alius
538 4538 674 4611 ejusdem
695 4537 769 4595 liber
792 4538 974 4607 carminum,
989 4540 1021 4597 in
1075 4542 1168 4601 Veteri
1191 4545 1220 4598 ct
1241 4540 1326 4596 Nono
1350 4538 1545 4605 Testamento,
1578 4542 1667 4611 atque
1702 4552 1740 4594 ex
1773 4536 1902 4594 diversis

193 4643 256 4701 quo
273 4627 324 4685 illa
336 4627 854 4701 praesertimopnsculacontinentur:
865 4626 1020 4700 lleinsigni
1075 4629 1229 4691 catholicis
1241 4627 1473 4701 orthodoxisque
1492 4625 1630 4685 Patribus
1653 4626 1829 4684 innumeras
1849 4642 1905 4685 au·

195 4716 674 4775 Ghnshanorumsictoriaoontra
689 4717 807 4784 Turcas,
831 4716 1020 4791 temporibus
1073 4736 1140 4780 raas
1154 4717 1314 4778 motantias
1329 4714 1507 4789 excerpserit
1531 4720 1560 4772 et
1581 4713 1743 4788 scripserit.
1761 4714 1904 4773 Damone

229 4895 290 4970 (70)
316 4893 467 4970 Theophili
481 4892 575 4951 liertii
602 4892 706 4950 nobilis
730 4894 863 4953 &nensis
885 4897 1020 4957 meminit
1073 4914 1138 4955 rum
1149 4893 1277 4969 Agnetis,
1302 4888 1573 4964 Agathedustinre.
1588 4893 1617 4946 at
1633 4889 1799 4972 catharinae
1821 4890 1903 4964 typis

192 4963 294 5024 Petrus
308 4967 483 5024 Recordatur
497 4966 568 5022 llist
582 4966 758 5023 monastica.
779 4969 878 5024 llomoe
891 4966 921 5023 in
944 4969 1018 5027 basi·
1072 4986 1146 5027 cnse
1171 4971 1239 5024 sunt
1252 4964 1403 5022 Florentiae
1417 4976 1494 5018 anno
1511 4961 1589 5028 1587,
1603 4960 1633 5018 io
1648 4962 1676 5033 l,
1692 4960 1775 5018 sicuti
1789 4962 1901 5036 sephra

191 5036 290 5105 ilcaS,
305 5038 571 5112 l'aulipoenrtentioe
590 5037 729 5093 ministris
741 5037 899 5095 Pontillciis
918 5041 1017 5099 aGre·
1070 5046 1116 5098 tra
1135 5039 1221 5096 mdia.
1349 5104 1356 5118 ⁸
1727 5102 1734 5115 .
1786 5102 1793 5115 ,

211 5108 273 5164 orio
286 5110 345 5166 lllll
360 5111 499 5183 asumptus
509 5109 670 5182 legiturlle
679 5109 742 5183 ejus
753 5109 886 5166 laudibus
902 5113 1016 5184 scripsit
1105 5057 1163 5183 (qi)
1178 5106 1297 5181 Scripsit
1319 5109 1408 5163 etiem
1433 5103 1469 5160 de
1483 5107 1584 5160 sancta
1612 5103 1795 5184 Febronrarr
1832 5145 1840 5159 .
1869 5108 1899 5160 et

205 5180 223 5235 ¹.
232 5179 359 5235 isidorus
376 5179 710 5254 Ugurgieriusrtaolimus
724 5180 786 5237 ord.
801 5181 894 5237 Praed.
906 5182 955 5239 lib.
969 5185 1014 5241 cui
1070 5186 1190 5255 martyr.
1207 5194 1315 5244 versus,
1330 5176 1378 5248 qul
1393 5175 1536 5257 habentur
1550 5174 1681 5258 impressi
1690 5175 1803 5258 ,Romae
1831 5174 1896 5240 889,

190 5265 299 5307 nomen
322 5253 459 5323 praetixit:
475 5250 594 5323 Pompm
616 5251 717 5309 Sanesi
741 5251 785 5308 tit.
809 5253 855 5320 at,
871 5267 938 5327 pag.
948 5255 1013 5312 067.
1070 5271 1128 5312 una
1141 5269 1207 5310 cum
1222 5249 1356 5324 operibus
1372 5246 1501 5317 Prosperr
1527 5245 1719 5318 llartrnangu.
1731 5247 1898 5327 'llemorata

190 5321 289 5378 lixstat
300 5326 376 5395 apud
389 5339 441 5379 nos
454 5328 594 5379 tracmus
604 5338 660 5380 ms.
675 5322 715 5380 De
735 5322 944 5381 reformatione
957 5327 1014 5382 lla-
1068 5323 1206 5398 opuscula
1220 5339 1287 5387 ms..
1303 5323 1344 5376 uti
1354 5316 1442 5374 cham
1452 5316 1543 5373 multa
1553 5316 1692 5383 aliaest
1740 5332 1785 5373 ssa
1809 5321 1898 5374 testa·

188 5391 322 5458 leoderii,
345 5393 462 5465 incipit:
489 5394 586 5466 timna
606 5394 713 5466 quidem
737 5395 847 5467 coprem
873 5396 1015 5457 badottle
1068 5401 1117 5455 tur
1127 5396 1176 5452 lib.
1202 5393 1336 5464 siligo.
1362 5388 1414 5445 rit.
1428 5405 1459 5471 p,
1471 5387 1534 5471 litt
1551 5387 1701 5470 arnoldus·
1747 5388 1809 5472 ion,
1824 5389 1898 5445 dnm

188 5472 237 5523 at.
248 5463 325 5521 Obiit
335 5465 430 5522 Casini
445 5465 616 5522 annoltdd.
1069 5466 1164 5527 Casini
1179 5466 1354 5522 morabatur.
1376 5460 1505 5516 llemrnrt
1533 5464 1563 5515 et
1590 5462 1758 5517 l’osserrnns
1782 5475 1816 5517 rn
1843 5476 1897 5517 suc

224 5537 285 5609 (ll)
297 5537 407 5594 Claruit
419 5536 586 5594 Bencmctus
596 5537 860 5606 hnnoDom.lt¹l0,
871 5538 1014 5611 originem
1068 5546 1110 5614 tp
1131 5541 1225 5595 aratu.
1235 5531 1415 5592 Glarescebat
1431 5545 1507 5587 anne
1519 5530 1600 5589 1590.

187 5609 295 5676 ducem
306 5609 436 5668 excubiti
451 5607 563 5666 inmitia
575 5610 611 5665 de
627 5610 696 5670 Ura.
723 5607 875 5670 Passiones
900 5617 1012 5670 sancta·
1103 5557 1163 5690 igit}
1177 5606 1329 5687 Obiitpost
1342 5618 1452 5661 annum
1467 5601 1545 5672 1000,
1559 5600 1751 5684 Casinl,ltun.
