3884 6050
75 223 115 291 53
735 220 850 287 besue
867 221 952 285 aue.
972 220 1134 301 thuben.
1743 230 1782 299 eu

78 346 235 421 cupient,
249 348 278 405 et
291 345 434 424 ouioquid
447 346 560 411 hebere
574 347 774 411 invenirentur
795 345 895 421 primo
910 347 934 409 Α
949 348 1029 409 eain
1043 349 1093 411 illi
1100 347 1271 423 requirendi
1276 354 1380 416 testruit,
1395 364 1484 424 quem
1493 362 1513 397 ν
1522 351 1617 429 onor·
1626 354 1664 413 tle
1674 355 1781 419 elimes

75 436 131 493 illis
143 435 297 495 obviantes
307 435 431 510 impuno
445 436 652 499 distraherent·
666 440 722 497 llos
737 435 895 495 misorubi-
950 439 1090 497 ecclesiis
1100 439 1306 507 preferantur.
1322 439 1780 515 Habeataaauquisquefruetum

77 526 140 583 liter
148 525 328 594 miserande,
340 530 369 585 ot
381 526 442 583 uisi
451 524 564 598 judicio
577 525 629 585 Dei
639 524 895 593 eccidissetuullo
948 526 1378 593 sunmr‘titireiaoeceleeioeum
1387 530 1575 601 inquestione
1584 546 1669 602 saper
1679 534 1780 592 cornio

77 614 126 671 liei
140 624 166 671 et
180 615 334 673 bominum
348 614 463 688 judicio
477 616 679 689 suscipiende.
695 615 754 673 Sed
768 631 806 677 ne
820 614 894 673 lortc
948 615 1047 686 officie
1054 615 1200 688 transegit
1209 622 1337 683 etatem
1347 619 1487 675 naticae
1498 619 1646 689 stipendio
1658 622 1780 680 minime

74 704 227 779 injudicio
241 704 371 765 duorum
389 705 515 765 istorum
527 704 729 783 episcoporuu
743 703 895 767 occultum
947 704 1184 776 attenuarent,
1194 721 1248 763 aec
1258 705 1702 767 atiidebitamettereiliiaudeot
1712 724 1779 769 uea·

72 794 122 851 liei
131 793 272 865 judicium
281 794 669 868 videamurreprenecdore,
680 795 894 857 sinemuscum
947 792 1048 855 dicere
1060 794 1230 855 macoma.
1245 796 1295 855 lin
1309 799 1379 857 eunt
1390 794 1583 855 auctoritates
1597 797 1677 859 nediu
1702 813 1780 872 epo·

71 883 488 957 mucrenuejmtumjudioem
497 884 894 959 lleumpeoocteuostrorum
949 880 1078 945 stoice.

72 987 124 1049 per
139 972 213 1031 ietoe
227 973 350 1046 punire:
366 973 426 1033 hoe
436 978 553 1037 uotum
566 973 606 1033 ed
623 973 776 1035 miseriam
788 988 894 1039 eorum
986 970 1027 1031 tt.
1044 969 1134 1039 Quod
1148 970 1175 1029 si
1189 970 1257 1044 quis
1269 969 1428 1031 dominum
1455 971 1547 1029 istum
1562 975 1591 1029 et
1606 971 1780 1044 religioenm

72 1061 212 1125 veraciter
220 1061 395 1131 toleremus.
408 1062 588 1137 quodetiam
599 1062 864 1134 nonintettigeotec
876 1070 895 1107 tt
947 1058 1073 1137 quidone
1087 1060 1193 1129 vuum,
1205 1059 1376 1119 Leoeonem
1385 1059 1537 1126 mooun.
1547 1075 1585 1119 01
1602 1075 1639 1120 00
1651 1069 1780 1121 conetur

71 1149 221 1213 miuietroe
233 1151 286 1221 ire
296 1151 346 1211 liei
361 1154 390 1211 el
405 1150 635 1223 virgemiurorie
646 1149 765 1221 [lumini
776 1165 807 1213 ee
817 1165 893 1223 eree,
947 1147 1782 1223 defendere,quieieeieuteipsiuslemosereligionecon·

72 1254 132 1299 esee
146 1245 249 1309 manen
264 1246 432 1301 meruerunt
444 1246 473 1297 et
485 1255 539 1315 prq
550 1239 679 1319 peccetis
696 1239 759 1305 euin
770 1242 894 1313 peceato
948 1238 1130 1294 senserintin
1143 1254 1213 1295 eum
1229 1239 1290 1296 duo
1297 1238 1430 1311 episcopi
1441 1237 1490 1294 isti
1511 1238 1549 1295 de
1567 1238 1697 1297 violente
1714 1243 1782 1312 ejus

71 1327 196 1389 diorum
209 1328 322 1401 punire,
340 1335 430 1403 etque
446 1330 496 1405 ite,
509 1335 541 1389 ut
559 1344 621 1393 uon
637 1329 728 1403 motio
742 1329 801 1391 hou
811 1328 894 1391 fieret
947 1325 978 1387 iu
992 1332 1107 1395 postroe
1123 1328 1295 1400 prelatione,
1315 1327 1419 1389 eudiet
1431 1343 1464 1384 ee
1475 1326 1546 1384 inde
1558 1327 1699 1400 redargui
1712 1329 1781 1385 bec-

72 1418 132 1481 riue
153 1417 321 1479 reuerentia
333 1419 502 1483 monachici
512 1418 637 1487 ordiaie,
651 1418 705 1485 sed
719 1416 812 1479 etiem
829 1418 893 1486 eice
947 1414 1359 1491 ejusdemriicholeipepeed
1369 1414 1500 1475 eundem
1516 1415 1669 1485 Egilonem
1680 1420 1783 1475 eneto-

72 1505 739 1589 compeesioueinhomiuespeccatoresscltem
752 1511 893 1569 extreme
947 1502 1046 1565 ritate:
1061 1503 1138 1571 Quid
1163 1509 1274 1574 autea,
1288 1505 1393 1577 inqua.
1414 1504 1605 1575 coerceatur
1620 1519 1780 1565 consensus

71 1594 261 1653 hamanitatis
275 1599 303 1652 ¹¹.
315 1596 386 1662 tiae
398 1596 478 1657 onim
492 1594 606 1669 regulo.
623 1595 689 1668 uuis
703 1611 809 1667 aanor,
824 1594 893 1668 quie
947 1591 1608 1669 concurrereconcurrerereacttepeterais,
1617 1599 1779 1655 teocootrc

71 1680 153 1753 orcle,
179 1698 248 1761 quoe
259 1681 340 1759 leges
354 1683 412 1747 hoe
426 1683 615 1749 auctorizant,
639 1689 671 1743 ut
685 1682 825 1743 defuneto
838 1697 892 1745 ouo
909 1700 932 1759 g
947 1682 1067 1755 regulae
1080 1681 1254 1747 nouantur?
1266 1684 1297 1739 lit
1306 1680 1398 1754 poulo
1408 1687 1478 1753 post
1490 1702 1497 1738 c
1511 1682 1781 1756 Cuiuseuoqmite·

70 1763 173 1819 abbate
189 1764 328 1821 moneobi
356 1763 498 1821 abbatem
518 1764 692 1837 regulariter
708 1768 848 1837 petentes,
865 1766 894 1839 et
946 1771 1301 1849 questionaetitatiedoao
1312 1770 1438 1843 quilibet
1449 1769 1778 1843 preditus‚ulienoeaoo

9 1908 10 1917 ,
71 1851 210 1927 quicquid
222 1852 260 1911 de
270 1853 313 1908 eis
328 1852 376 1908 vel
389 1851 471 1929 ieme
483 1854 624 1916 mentitur
637 1852 683 1911 vel
697 1852 804 1921 veritus
828 1867 893 1933 per·
946 1857 1779 1931 cenettotoreeprerieoa.quippeeuajutetoretarteo

71 1940 147 1995 hibet
161 1952 190 2012 π,
201 1940 367 2003 secundum
378 1941 514 2013 regulum
537 1957 625 2001 suem
638 1940 684 2001 rel
703 1956 833 2017 porgere
847 1938 893 1999 vel
946 1962 1014 2013 rum
1022 1947 1224 2019 quaeprore'mi
1230 1951 1300 2005 suat
1310 1944 1496 2019 aliquomodo
1506 1947 1726 2017 concupiscere.
1733 1946 1779 2013 lio

71 2028 614 2094 emenderevolentes,ireenledetum
632 2027 775 2091 abbatem
786 2028 892 2103 ebepi·

70 2132 158 2193 scopo
172 2117 204 2172 in
218 2117 340 2187 exilium
356 2117 581 2191 compelluntur,
598 2123 626 2174 ct
641 2118 699 2175 niet
715 2115 891 2187 assentiant,

69 2204 141 2262 stole
161 2210 190 2263 ei
211 2205 314 2263 benno
331 2222 437 2263 omnes
458 2207 487 2262 io
502 2205 656 2279 episcopio
675 2203 828 2265 christiani
852 2203 891 2263 nh

69 2309 170 2353 eorum
188 2295 389 2367 hospitalitate
403 2293 636 2357 interdicentur?
650 2293 708 2353 Sed
724 2309 794 2350 cum
810 2309 892 2351 reue·

68 2383 171 2447 tentia
189 2389 221 2450 ut
236 2383 379 2453 diximus,
385 2384 501 2457 justum
514 2383 566 2443 liei
572 2381 891 2456 judiciumiuistorum

69 2472 178 2543 injusto
190 2473 307 2543 jndicio
329 2471 540 2545 suscipiemus,
553 2471 827 2544 proximioremque
842 2471 891 2527 ilci

67 2560 253 2618 elementiam
268 2559 472 2617 indubitanter
481 2559 641 2617 credemus
652 2574 717 2615 esse
735 2558 889 2631 erguilloe,

66 2647 890 2722 qttoedignetureorrlpicndoflagellare,quumquoero·

66 2738 119 2794 luit
133 2738 280 2795 ministros
295 2738 347 2794 ire
358 2754 420 2795 suun
432 2742 460 2794 et
472 2738 585 2808 virgam
596 2736 704 2793 furoris
717 2736 764 2791 sui
775 2751 852 2805 esee,
864 2735 890 2791 ei

945 2033 1777 2109 tpeomiaqaoquoqoeutteeecrtieeattejureserapt,

945 2121 1317 2193 sanctitnspruticmpcrdit
1328 2122 1772 2195 motuquaeeqaett'tueucaaieot

945 2208 1422 2279 merccdemutleridebitumillue
1430 2209 1576 2269 eooett'tus
1583 2210 1703 2275 atterens
1713 2209 1779 2269 eibi·

945 2300 1128 2375 metsruetus
1138 2297 1283 2371 raurpqti
1293 2300 1404 2357 contre
1414 2297 1472 2357 lieo
1482 2296 1710 2363 nmleeieetioee
1725 2313 1778 2361 eu·

946 2388 1094 2445 ctoritetcs
1120 2391 1149 2453 et
1175 2386 1254 2447 sedis
1273 2385 1445 2459 epoemuce
1458 2384 1691 2451 interdictiones,
1709 2385 1778 2449 licet

946 2473 1510 2545 sanctus,licel1‘ustne,licetreligioeue,
1518 2471 1777 2543 lieeleuiiregente

944 2561 984 2618 illi
992 2562 1122 2619 duorum
1134 2563 1345 2636 episcoporum
1355 2577 1515 2641 consensu,
1524 2561 1778 2636 peccatisnostro·

944 2651 1059 2709 romite
1067 2650 1259 2721 merentibus,
1275 2650 1514 2708 oomnueuonzo
1531 2649 1628 2707 ebbes
1635 2654 1777 2721 estsuper

944 2739 1271 2805 nostroe'introduotue.
1283 2738 1399 2795 Donum
1412 2745 1514 2795 umen
1532 2753 1635 2795 rerum
1660 2744 1777 2811 tempo·

67 2830 164 2883 umen
176 2826 209 2882 in
222 2824 388 2891 bumilitate
409 2824 598 2885 conscientie
613 2840 675 2881 eune
686 2824 783 2881 sciunt
794 2838 890 2897 corre·
943 2828 1054 2889 ratium
1066 2833 1094 2885 et
1105 2843 1178 2889 cure
1188 2826 1471 2906 committendarum
1484 2826 1511 2888 ei
1523 2825 1774 2887 uolnerumdile-

64 2915 196 2987 ptionem
209 2914 261 2971 Ilei
274 2915 434 2988 suscipere.
945 2924 1007 2977 tum
1021 2923 1065 2974 est
1079 2916 1119 2974 eb
1132 2916 1277 2991 episcopis
1295 2931 1391 2989 usque
1406 2918 1431 2973 i.
1449 2915 1513 2981 liei.
1540 2915 1621 2989 Sept.
1636 2913 1688 2975 ilie
1702 2929 1774 2983 vero

96 3008 124 3063 9.
140 3003 279 3080 Episcopi
290 3003 380 3076 igitur
394 3018 448 3062 nec
471 3002 560 3076 juste
575 3001 705 3084 petitioni
720 3005 887 3059 nostrorum
908 3047 928 3102 C
943 3007 1064 3082 capituli
1078 3004 1317 3068 conveneruntin
1331 3004 1458 3066 cnorum
1468 3002 1508 3064 ed
1518 3017 1658 3078 vesperos
1668 3017 1774 3074 omnes

62 3093 347 3168 acquiescentesnee
364 3091 492 3149 neemia
506 3109 538 3149 se
552 3098 669 3149 nostroe
682 3090 819 3170 persequi
833 3105 887 3164 pro
942 3099 1107 3155 eonlretree
1122 3095 1388 3164 nostri‚veetiontee
1401 3094 1528 3156 eborum
1543 3092 1683 3154 formosis
1698 3092 1772 3158 viris

61 3183 191 3255 peccetis
204 3186 264 3239 iem
279 3183 342 3242 suis
354 3178 776 3256 quemnostrieinlelligenlee,
787 3183 888 3258 spreto
943 3198 1326 3260 magnarumpergonamm
1337 3187 1365 3240 ee
1375 3179 1657 3254 0rud1113‚apprim0
1668 3181 1773 3243 mom.

61 3276 230 3330 nostrorum
244 3270 338 3341 digna
352 3269 494 3326 electione
509 3274 538 3326 et
558 3285 627 3344 qum
653 3266 810 3342 reprobari
825 3282 886 3324 11011
941 3277 1030 3334 nibus
1044 3273 1148 3334 officiis
1162 3270 1441 3330 ecclesiasticarum
1453 3268 1773 3336 institutionum.Felix

62 3357 758 3434 potereteliqueregutariobjectiooe,eieutjem
769 3354 886 3416 dudum
940 3362 1205 3442 quidemeeoclesiu
1215 3365 1258 3420 tot
1270 3365 1298 3418 et
1308 3358 1420 3416 telibue
1436 3356 1562 3420 cinctis
1574 3356 1654 3423 virts,
1671 3356 1772 3422 moon

63 3448 305 3514 deliberaverunt,
320 3446 517 3522 sequentidie,
532 3444 719 3519 stupentibus
727 3444 820 3504 oculis
829 3460 887 3502 mo·
940 3452 1052 3510 iratum
1063 3450 1239 3508 habuissent
1251 3446 1308 3505 sibi
1330 3446 1551 3519 Denmpetrem
1563 3460 1619 3519 pro
1642 3446 1772 3518 peucetio

61 3538 240 3610 nechoram,
252 3535 519 3596 introduxeruntin
531 3534 746 3593 monesterium
755 3539 886 3592 nostrum
942 3537 1013 3602 euis,
1029 3536 1075 3594 vel
1095 3537 1172 3598 irem
1186 3536 1252 3607 ejus
1273 3535 1399 3594 scissent
1419 3539 1537 3608 portare
1550 3534 1582 3592 in
1603 3532 1771 3595 humilitate

61 3625 228 3684 leuzonem
241 3625 395 3699 quendem
410 3624 448 3680 de
477 3625 613 3682 coenobio
628 3623 724 3686 seneli
743 3622 886 3680 vincentii
941 3627 1039 3684 cordis
1049 3625 1262 3684 etcontritione
1270 3622 1381 3684 cernis.
1390 3622 1446 3684 Sed
1456 3623 1530 3698 quia
1539 3621 1669 3682 moror?

63 3717 150 3773 retus
163 3714 318 3780 abbatem,
335 3715 434 3773 virum
449 3713 571 3788 quidem
586 3712 760 3785 religiosum
771 3716 799 3767 et
811 3711 887 3774 inter
976 3718 1020 3773 te.
1039 3710 1449 3782 riedemnceteiotettigootee
1463 3710 1502 3770 ab
1516 3710 1622 3770 eminis
1633 3709 1717 3786 quod
1728 3723 1772 3766 se·

59 3803 214 3878 religiosos
225 3803 509 3874 nominatissimum,
526 3807 556 3859 et
567 3800 658 3860 nichil
669 3800 805 3873 religioni
820 3799 886 3874 ejus
939 3803 1096 3884 qaerutildic
1113 3801 1255 3860 violenter
1269 3805 1298 3858 et
1311 3800 1528 3859 contumeliose
1543 3797 1770 3868 truderenturitu

59 3890 302 3955 annumeremini
325 3890 441 3949 tamdiu
455 3890 630 3965 oregimine
644 3887 771 3946 eoenobil
790 3886 885 3945 nostri
939 3894 1072 3959 exilium,
1088 3893 1112 3948 si
1124 3892 1155 3948 in
1170 3890 1407 3948 elaustroeseent
1417 3889 1539 3952 inventi.
1554 3901 1662 3964 pavore
1673 3885 1770 3944 disso-

60 3978 284 4048 ebetinniseent,
300 3978 549 4036 doneocanoniee
562 3978 724 4035 auotoritas
739 3976 830 4035 elium
842 3991 886 4032 re·
938 3982 1070 4039 luti-ut
1080 3979 1377 4040 esthumeneneture
1388 3976 1555 4036 etmexime
1575 3973 1771 4034 formidolose

58 4073 245 4142 pugnantem
261 4066 421 4124 eumenid
435 4068 634 4140 pertraxisset.
939 4068 1113 4142 simplicitas
1129 4067 1464 4136 monachornm-tage
1479 4063 1768 4128 sibiconsuluerunt.

92 4163 134 4214 to.
152 4155 298 4213 Nemnisi
311 4154 667 4213 melellunteuetoritetee
679 4153 885 4228 sedisaposto·
939 4161 1020 4215 Unus
1030 4155 1499 4228 tentumeorcmtaipooomine,
1509 4151 1662 4214 exilioeibi
1672 4150 1770 4224 negiu

57 4247 128 4318 bote,
152 4246 266 4303 scilicet
292 4246 449 4304 Coeleetino
472 4261 550 4320 pepe
565 4243 746 4317 precipiente
767 4258 884 4300 necnon
939 4244 1117 4323 qonmiage
1144 4244 1248 4308 electo,
1274 4244 1465 4305 transmissus
1478 4247 1525 4299 oet
1546 4239 1692 4299 Leodium
1708 4237 1767 4310 sub

58 4335 163 4393 utillud
175 4334 497 4406 idemlliclroleopepe
513 4332 552 4389 ed
559 4331 698 4389 Kerolum
708 4333 885 4390 Francorum
940 4334 1116 4403 berengerio
1129 4329 1237 4387 abbate
1261 4329 1343 4403 opud
1354 4335 1373 4367 ⁸
1393 4331 1536 4388 Sanctum
1551 4325 1746 4388 Laurentium
1760 4341 1768 4389 ;

57 4423 249 4497 regempeel
265 4428 294 4480 et
320 4421 475 4493 ligilouem
497 4421 675 4494 episcopum
704 4420 885 4476 sennensem
940 4414 1534 4496 paucissimiverocumebbetebenzone
1544 4415 1765 4476 remanserunt,

58 4513 387 4587 multipliciteriterenle
403 4513 495 4582 (teile
511 4510 657 4567 illicitam
675 4516 715 4565 eet
737 4509 770 4568 ire
786 4508 885 4568 eticoo
940 4509 1088 4572 Gerrades
1105 4506 1216 4563 scilicet
1229 4502 1634 4579 prepoeilueillenostrorum
1646 4499 1768 4564 electus,

57 4600 886 4677 mmmqumquamobrepereetentruoeocreoventec-
939 4602 1092 4656 nccnonet
1108 4590 1770 4672 Bligerue,llerimennuequoqaeeoniorcum

58 4701 109 4750 teni
123 4695 160 4749 in
171 4689 357 4749 eastreiater
366 4704 429 4766 que
438 4688 646 4746 conmilitucit
659 4686 799 4748 enectam
808 4685 886 4743 arri-
940 4687 1020 4746 enlio
1032 4685 1214 4741 lierimanno
1230 4688 1334 4756 nepote
1344 4686 1503 4755 secatque
1516 4681 1600 4752 Engo
1613 4678 1665 4753 qui
1678 4677 1770 4752 peulo

57 4800 127 4854 pere.
141 4776 886 4851 rumtaoccmuttercoaceruatorumeeteccte-
941 4780 1009 4851 post
1021 4775 1129 4832 miesco
1154 4776 1199 4829 eet
1211 4771 1303 4830 Uettio
1317 4770 1349 4828 in
1370 4768 1501 4836 exibam,
1516 4774 1684 4828 murorum
1698 4780 1770 4826 roro

57 4875 105 4940 sie,
115 4871 324 4932 cruciatoris
335 4871 422 4941 ipsius
433 4869 553 4928 clericis
564 4866 765 4925 uoluntariis
784 4865 886 4924 eattae
941 4863 1077 4938 plurimis
1087 4877 1141 4936 per
1156 4859 1326 4917 Flendriem
1340 4863 1370 4915 et
1382 4857 1534 4938 Anguem,
1546 4856 1662 4914 lietiem
1677 4860 1706 4912 et
1720 4856 1771 4912 Se·

56 4955 886 5033 &mmmmmtmmqatoreeaenpumitremam
939 4952 1074 5017 saniem,
1087 4964 1214 5024 regnum
1224 4945 1605 5024 quoquel'heutonloorurn
1614 4942 1770 5020 nuperae.

760 5104 878 5162 vente
892 5101 1089 5178 uuerroues

8 5191 9 5200 ’
59 5198 328 5328 ¹'zdippdolgentoe
355 5199 388 5254 li.
417 5209 436 5242 π
472 5195 658 5255 uomentem
672 5195 737 5250 lin·
760 5191 899 5267 prohibet
926 5192 955 5247 l'
969 5203 990 5236 n
1010 5187 1196 5265 reprobandi
1224 5187 1333 5248 Moesi.
1361 5197 1381 5238 κ
1398 5187 1432 5244 ut
1453 5184 1546 5246 uana
1574 5184 1595 5227 ⁸¹
1633 5181 1707 5243 deut
1732 5181 1771 5242 1⁵.

8 5355 9 5358 ‘
857 5388 960 5445 aare

90 5478 668 5553 ‹tuiuimmtepuoumrtxueeu
863 5543 869 5556 ,
1722 5537 1729 5550 ,

85 5552 164 5628 (teu)
183 5550 322 5611 Nicoieit
348 5553 437 5626 epil
470 5549 647 5628 Appennino
670 5547 751 5622 epud
776 5548 872 5605 llener
904 5545 960 5618 llll,
982 5545 1047 5608 393.
1063 5543 1138 5604 tuse
1158 5569 1194 5594 -ο
1216 5540 1448 5608 mmccccl
1471 5540 1565 5607 verbe
1583 5536 1769 5600 enecent
