3884 6050
56 248 114 334 'sil
553 252 1311 342 demembrationem-'somnusque
1714 274 1779 351 ‘sie

60 400 152 470 tibus,
169 396 210 457 ed
222 378 328 457 nostra
341 410 439 472 nsque
447 398 584 475 tempore
598 396 700 456 nullos
714 391 833 455 utilitati
846 408 896 453 eo-
909 391 934 451 a
949 408 1039 455 suem
1050 389 1107 459 nos
1115 404 1243 479 expertri
1256 392 1352 468 voluit
1365 410 1394 467 et
1406 402 1548 482 matiam.
1561 402 1623 471 urst
1646 399 1726 474 enim
1739 430 1778 478 ee

61 506 128 547 rum
143 488 268 563 protulit
286 487 412 546 innatus.
950 502 1017 561 qum
1030 490 1093 561 igni
1108 495 1444 572 superluernntpietatis
1456 516 1519 559 sure
1529 501 1637 561 virtute
1647 503 1712 577 ipse
1721 502 1775 564 ou·

92 579 119 635 b.
142 582 220 637 eum
234 577 365 649 igiturin
392 576 582 651 reparatione
607 574 729 634 claustri
757 573 894 633 animum
948 577 1103 650 stodisset,
1118 585 1467 659 nequaquemhumenis
1484 587 1610 661 viribus,
1635 591 1774 652 scintillis

59 661 894 738 intenderet,etinhuiusmodiiuteutiouiesolicitudine
946 672 1070 740 patratae
1084 675 1334 733 concremationis
1345 681 1568 750 superarentur,
1576 678 1773 750 utitsdieem,

58 758 104 815 die
123 761 280 830 noctuque
294 758 375 814 taius
393 756 531 823 estuaret,
554 758 586 813 et
605 754 663 812 sub
682 757 744 812 um
759 753 891 828 ydoneo,
946 753 1773 837 psteaststsesdenuuusselverepotuissentuoteuuine

56 843 262 911 licetreeenti
290 848 406 902 restore
446 843 573 902 eeclesia
597 842 758 902 eommode
779 845 890 915 aguet,
945 841 1318 918 duusuperiusetinlerius
1332 867 1402 910 eum
1416 852 1624 927 adiacentibus
1637 857 1772 918 sibiom·

59 949 138 999 eece.
151 931 891 1007 miraomnipotentisDeidispensationequinun·
943 930 1036 990 nibus
1049 939 1154 994 esusu
1169 943 1249 997 sunt.
1271 940 1429 1012 congenea
1458 940 1612 1013 ignorum
1635 946 1771 1010 maxime

57 1038 150 1097 quam
159 1022 275 1095 iniusto
290 1020 531 1096 delinquentium
545 1022 650 1097 uulpes
666 1021 752 1095 punit
763 1019 889 1093 §edisio
943 1032 1030 1078 aeuus
1042 1036 1164 1082 murum
1178 1025 1324 1086 releetmd
1337 1027 1444 1102 posite,
1473 1029 1560 1089 illesa
1572 1042 1770 1105 permanente

57 1126 201 1184 magnam
222 1111 289 1185 ejus
302 1123 375 1184 erga
388 1124 446 1168 nos
472 1114 501 1168 et
515 1110 593 1168 iram
611 1110 725 1185 asperti
740 1124 847 1167 sumus
858 1112 890 1167 et
937 1108 1079 1181 eiusdem
1092 1112 1373 1175 domussuemmee
1386 1122 1511 1186 teetnre,
1527 1119 1609 1189 arsit,
1622 1114 1769 1184 cumbam

57 1201 198 1273 gratiam.
212 1199 311 1257 Pdmo
323 1212 458 1273 mmque
469 1214 552 1258 anno
567 1197 803 1258 oonseoretionis
813 1214 886 1266 sua,
940 1212 1074 1273 qnoque,
1090 1200 1259 1274 pistrinum,
1272 1204 1399 1265 domum
1408 1222 1471 1282 qua
1484 1222 1633 1283 pauperes
1653 1211 1768 1272 reiieie·

59 1294 91 1347 lt)
116 1288 274 1347 Kalendae
306 1288 543 1357 octobriarum
574 1287 677 1347 subito
695 1287 887 1360 surgentibus
939 1285 1769 1375 beaturoumviridnrloetdomuneuiishaeillaoqneper

55 1376 492 1451 flemmarumqloblseivitetis
507 1392 654 1436 sueaensa
661 1377 887 1446 erderetettna·
939 1376 1055 1437 euriem
1074 1381 1251 1440 resumens
1270 1382 1349 1454 ignis
1370 1384 1553 1460 absumpsit,
1576 1380 1675 1446 solum
1697 1405 1767 1449 vero

56 1484 114 1541 gna
121 1469 191 1540 lam
204 1467 253 1524 sui
263 1471 347 1541 parte
366 1466 540 1541 absumpta,
556 1465 639 1542 quud
652 1465 807 1524 residuum
822 1471 899 1543 erat¹
938 1464 1081 1523 horreum
1093 1483 1163 1526 eum
1171 1469 1300 1543 spieerio
1312 1472 1479 1533 eoluoente
1491 1474 1658 1535 incircuitu
1665 1477 1767 1537 invan-

55 1557 161 1616 virts-ix
171 1554 299 1616 liemme
311 1554 467 1623 lamberet,
482 1555 626 1614 iratribus
637 1555 820 1612 matulinatis
834 1550 898 1629 sy·‘
938 1553 990 1612 dio
1001 1552 1174 1614 inexustum
1181 1558 1335 1618 remansit.
1348 1560 1460 1620 nouem
1474 1578 1556 1623 anno
1572 1564 1765 1625 oombustum

54 1646 141 1705 nexis
160 1644 240 1703 odas
252 1647 312 1703 ileo
327 1643 523 1712 solventibus,
538 1643 666 1703 scintille
680 1644 776 1702 tenuis
795 1649 885 1702 vento
937 1646 983 1699 est
1001 1645 1218 1704 monasterium
1237 1642 1461 1708 Gembiaoense.

53 1733 170 1808 prelata
181 1750 269 1791 aeuus
279 1732 651 1793 turrimadoeeidentalem
658 1732 781 1807 plagam
794 1746 885 1808 super
974 1735 1001 1788 i.
1021 1730 1124 1791 Abbas
1133 1732 1266 1794 interrim
1277 1736 1470 1810 utusjeerum
1482 1743 1552 1798 ente
1562 1739 1680 1816 aliquot
1698 1742 1764 1802 dies

55 1821 262 1894 arentieligns
272 1821 388 1880 residit.
398 1821 741 1897 ibipauletimlomentis
751 1837 886 1880 eraseru-
937 1820 1090 1895 proiectus
1104 1822 1351 1901 aberatjmqne
1362 1826 1480 1900 expleto
1490 1844 1553 1887 sua
1570 1831 1764 1903 proleetionis

54 1912 144 1983 tibus,
159 1911 792 1983 inimmensumignisesestuens,erenum
799 1912 885 1969 totius
937 1910 1070 1983 segode
1084 1910 1160 1986 qnid
1175 1913 1237 1970 suis
1250 1913 1764 1984 eeeidissetiauerusmomumredi·

55 2000 187 2060 manicae
200 2001 356 2058 materiem
374 2000 574 2074 apprehendit
595 2016 604 2069 3
616 2001 717 2074 ipsum
736 2001 827 2058 etiam
836 2016 885 2058 su·
936 1999 1000 2058 bat.
1020 1999 1065 2057 sd
1074 2015 1166 2074 quem
1178 2004 1241 2060 tam
1250 2002 1509 2062 dbmvmmlonls
1519 2007 1683 2065 nentiusin
1694 2008 1764 2069 silla

52 2091 248 2164 pereminens
262 2089 408 2163 proximae
420 2088 511 2147 turris
523 2088 772 2148 teetumdammm
784 2089 884 2148 subito
933 2091 1042 2146 nostra
1054 2089 1186 2147 Albureh
1208 2090 1382 2149 consistenti
1392 2091 1473 2150 venit
1483 2092 1611 2169 eiusque
1624 2097 1763 2157 smmum

52 2180 81 2237 in
92 2179 192 2237 altum
207 2178 391 2237 eructuantis
399 2178 653 2252 veporoorripuit.
667 2179 732 2246 ouo
746 2179 808 2237 duo
823 2179 884 2253 qui·
936 2182 966 2236 et
979 2177 1118 2236 omnium
1132 2177 1185 2253 qul
1199 2177 1325 2237 ederant
1338 2181 1439 2251 gravis
1454 2181 1558 2240 nuneii
1572 2198 1763 2259 meroreper-

52 2266 123 2325 dem
149 2267 254 2342 preeio
279 2266 336 2324 sibi
355 2267 501 2340 promisso
515 2267 653 2325 velooiter
674 2267 882 2335 ascendentes,
935 2264 1017 2325 uniit.
1033 2267 1168 2342 Cumque
1194 2270 1263 2341 post
1276 2268 1380 2340 gravia
1396 2268 1450 2327 imi
1476 2258 1605 2343 pectoris
1620 2274 1761 2347 suspiria,

52 2372 120 2413 enm
131 2371 247 2429 magno
260 2356 330 2413 vitre
346 2372 408 2413 sua
431 2354 564 2429 pertento
586 2356 656 2427 igne
681 2355 882 2425 proxeneta,
934 2370 1004 2430 qna
1023 2355 1110 2415 dolor
1133 2355 1224 2414 tristis
1236 2370 1273 2414 au
1285 2355 1375 2414 subiti
1395 2356 1498 2415 nuneil
1513 2357 1665 2429 elicuerat.
1679 2361 1762 2421 olau-

52 2444 207 2502 turrimab
220 2443 391 2502 imminenti
405 2448 548 2502 eruerunt
557 2443 708 2503 incendio.
724 2445 883 2517 ignisvero
936 2448 1031 2503 strum
1045 2449 1076 2502 et
1088 2448 1197 2515 oetam,
1212 2448 1245 2502 ut
1264 2443 1379 2503 dlotum
1393 2449 1448 2514 est,
1464 2436 1566 2505 inusta
1578 2450 1762 2510 remansisse

52 2532 168 2606 relique
183 2547 252 2606 qna
265 2534 405 2608 proxima
418 2538 505 2592 erent
528 2534 621 2594 iibere
636 2539 818 2608 pervagatus
832 2536 881 2604 ⁴¹⁸,
937 2534 1081 2601 audisset,
1093 2549 1177 2607 spem
1202 2537 1294 2591 totam
1316 2533 1348 2591 in
1366 2535 1461 2592 Deum
1480 2540 1510 2593 et
1529 2540 1667 2596 sanetum
1693 2540 1761 2612 sius

52 2626 163 2679 testum
181 2620 367 2689 monasterii.
380 2621 494 2695 partlm
512 2622 618 2696 ligneis
644 2623 760 2694 tegulis,
776 2623 882 2697 metim
890 2640 923 2723 :h
935 2623 1106 2681 trudonem
1120 2636 1248 2698 ponens,
1262 2622 1455 2699 animumque
1466 2625 1522 2683 viri
1535 2625 1628 2697 lestis,
1643 2627 1697 2701 qui
1708 2644 1765 2688 neo

51 2710 182 2785 plumbo
195 2715 380 2785 ruopertum,
394 2711 435 2769 ab
446 2710 582 2770 orientali
597 2713 662 2784 ejus
674 2711 882 2784 parteinvasit,
936 2710 1070 2771 adversis
1082 2710 1212 2785 deprimi
1222 2725 1279 2769 nee
1303 2711 1457 2785 prosperis
1476 2718 1575 2788 potest
1588 2715 1707 2784 elevari,
1721 2706 1766 2776 in-

52 2804 225 2874 latumque,
238 2799 380 2859 lretribus
392 2814 461 2876 quse
475 2801 554 2858 intra
567 2801 785 2858 monasterium
799 2804 885 2860 erant
936 2801 1043 2869 duens‚
1061 2815 1134 2858 suos
1150 2804 1182 2858 ut
1195 2798 1234 2857 de
1244 2798 1304 2857 hiis
1330 2814 1399 2873 ques
1416 2800 1574 2859 audierant
1588 2801 1765 2862 dementius

54 2888 375 2957 euiemoertantlbus,
391 2889 475 2947 nullo
495 2888 561 2963 iam
572 2888 668 2947 oblini
689 2889 816 2957 valante,
831 2904 885 2948 no·
936 2889 1069 2948 dolerent
1081 2887 1259 2955 ammonuit,
1267 2887 1764 2962 domumquesubomuieeleritate

53 2979 160 3038 strisid
175 2979 307 3055 perseus
318 2979 517 3054 exigentibus,
528 2976 750 3039 leroeiflamme
760 2977 885 3039 absum·
936 2978 1098 3053 repedavit
1110 2980 1148 3037 lt
1161 2975 1404 3037 ubimonasterio
1414 2978 1765 3064 appropinqueusvasta·

53 3068 121 3144 psit.
137 3068 239 3127 Turris
248 3085 321 3127 vero
336 3068 529 3128 ueeidentelis
543 3067 583 3127 ed
597 3068 807 3143 aquilonarem
821 3069 884 3144 pla·
936 3069 1050 3128 tionem
1064 3069 1189 3127 recentis
1200 3066 1430 3126 ineendlioeuits
1439 3069 1564 3152 propriis
1571 3069 1764 3144 aspexisset

53 3174 124 3230 gem
135 3174 206 3215 enm
213 3159 272 3216 alie
287 3158 344 3216 sibi
350 3157 509 3216 coherente
515 3162 605 3226 turre,
617 3158 715 3232 inqua
724 3173 883 3232 eempanse
936 3158 1108 3218 stimulante
1121 3156 1420 3216 doloretehementer
1433 3155 1649 3229 ingemuitilee
1661 3164 1765 3220 umen

52 3245 240 3319 pendebant,
255 3244 398 3319 lieetiem
420 3246 512 3303 tereia
520 3246 647 3304 ineensa
661 3244 787 3314 arderet,
797 3245 885 3303 indn-
925 3249 974 3307 ‘de
987 3245 1137 3321 adiutorio
1150 3244 1522 3321 Deietpstrenisenotisui
1535 3243 1764 3322 diffidens,quin

53 3334 123 3392 stria
136 3341 167 3391 et
178 3333 281 3392 labore
292 3333 715 3406 ildeliumlaieornmlgnema
726 3334 884 3408 eempenis
926 3336 1054 3410 ¹potiora
1067 3335 1362 3394 exmtiseuustsuere
1373 3337 1485 3416 posset,
1502 3333 1571 3392 ilioo
1589 3335 1629 3392 sd
1642 3327 1765 3410 repara·

52 3421 285 3497 propellentium
293 3421 658 3490 illesaramensit.0uarte
668 3422 883 3481 mehssomtnus
927 3426 1050 3484 tionem
1072 3422 1248 3482 monasterii
1261 3438 1294 3481 se
1308 3422 1429 3481 viriliter
1442 3422 1580 3482 aueinxit
1594 3424 1676 3483 lutra
1689 3439 1765 3499 pau-

53 3509 760 3586 orientelisturrieedmeridianemplegam‚eum
767 3512 884 3572 flamm
935 3530 989 3574 eos
1002 3513 1101 3588 itaque
1111 3513 1176 3571 dies
1193 3512 1325 3588 ligneam
1334 3510 1491 3581 labrieem,
1505 3526 1629 3587 persam
1639 3513 1763 3589 ααὶαοια

52 3600 299 3674 rorexproximu
310 3615 440 3675 qumque
458 3599 642 3674 depasceret,
657 3601 781 3659 maenae
790 3601 881 3674 erslt;
936 3603 991 3662 sed
1002 3602 1130 3678 tempori
1141 3604 1362 3674 congruentem,
1371 3613 1462 3674 super
1469 3601 1764 3675 oorporabeetorum

53 3705 144 3762 snper
159 3688 241 3746 bano
255 3704 327 3747 erun
341 3688 486 3747 dmumte
500 3703 569 3747 eum
583 3703 677 3764 pomo
687 3691 794 3763 mandi
807 3706 883 3765 eque
934 3692 1082 3751 ‘trudonis
1093 3696 1123 3750 ei
1135 3688 1382 3755 nummismais
1401 3688 1569 3764 immeo
1579 3689 1622 3747 ibi
1638 3691 1687 3749 die
1707 3706 1763 3750 no-

54 3775 201 3835 deaurato
212 3777 320 3842 stabnt,
342 3792 411 3851 quer
436 3777 525 3836 nitori
547 3777 594 3836 sul
619 3778 764 3853 plendore
776 3777 1572 3857 eumaem·etuqeesolidesueolaueespsetlereteeit,
1585 3779 1763 3840 amaritate

53 3861 144 3936 longe
157 3865 339 3923 intuentium
358 3864 579 3926 reverberabat.
595 3867 767 3926 umanum
779 3869 880 3937 etiem,
935 3866 1582 3946 ergoreparationismouastsriioompulsus
1594 3879 1673 3939 opus
1681 3866 1763 3926 dan·

54 3951 106 4010 ubi
119 3953 230 4011 aedues
237 3953 343 4028 reponi
356 3953 502 4023 solebant,
518 3954 739 4031 etlormeeiliit)
749 3955 881 4016 inehoro
934 3961 997 4029 stri,
1013 3961 1053 4018 ad
1064 3958 1147 4034 quod
1158 3962 1221 4016 toto
1231 3956 1339 4015 mentis
1346 3955 1533 4028 maureium
1543 3953 1764 4015 duduminteu·

53 4042 151 4114 operis
165 4042 212 4099 sui
225 4042 445 4117 pulchritudine
471 4042 712 4114 decentes,sedes
725 4045 815 4105 etiam
840 4046 881 4105 ad
933 4042 1761 4119 deratintermisitl’eueispostdiebnselapsisqnidem

54 4130 198 4188 standum
209 4147 264 4188 sou
277 4131 441 4190 sedendum
460 4132 600 4192 iratribus
625 4133 697 4192 setis
711 4135 881 4193 oommodee
934 4138 1099 4213 primatum
1111 4135 1190 4193 silim
1202 4139 1313 4192 nostre
1326 4125 1762 4207 iiuurdusnomiueianquu‘ra

53 4225 200 4285 manent,
214 4220 333 4295 aliaque
343 4221 526 4296 quamplura
538 4221 659 4280 utilitate
672 4222 718 4280 sui
729 4224 801 4281 setis
815 4237 881 4298 pre-
933 4226 1160 4297 ingravescente
1172 4222 1209 4281 ed
1222 4226 1357 4280 extreme
1362 4221 1496 4289 veniens,
1513 4222 1548 4279 io
1560 4221 1598 4278 ad
1612 4217 1761 4280 deducen-

52 4308 145 4378 dosa,
157 4308 288 4366 seviente
299 4307 881 4387 iuuandioeduiehiiumredeetedisper·
933 4314 1007 4373 dum
1021 4312 1127 4372 vinum
1155 4310 1278 4369 nstrum
1296 4323 1414 4368 mareas
1428 4307 1520 4377 dedit,
1534 4323 1613 4383 ques
1625 4308 1763 4369 videlieet

51 4395 159 4454 temne.
173 4397 257 4455 Item.
273 4398 448 4455 tionesterio
471 4397 574 4474 ltaque
589 4415 655 4457 eum
674 4399 809 4476 utrisque
823 4401 880 4461 ab·
932 4398 973 4457 ite
995 4394 1253 4456 inususeeuiesia
1270 4391 1485 4468 expendendas
1504 4394 1542 4432 ⁸¹⁰
1555 4392 1715 4461 ordinavit,
1728 4394 1761 4450 ut

54 4485 168 4543 sidibus
180 4485 350 4552 etduabus,
367 4489 399 4544 ut
417 4486 585 4560 prediatum
595 4494 650 4562 est,
665 4489 796 4549 turribus
806 4505 880 4565 qua·
931 4487 1087 4549 recondito
1108 4487 1181 4545 rino
1207 4482 1334 4542 tranum
1351 4482 1383 4539 in
1404 4479 1534 4550 sellario,
1562 4480 1677 4539 eaedem
1691 4479 1761 4540 inde

54 4577 181 4650 tuorque
200 4572 329 4632 manicis
347 4581 464 4643 exusto,
485 4576 652 4635 cancellum
676 4593 746 4636 eum
758 4579 879 4638 duabus
933 4578 1159 4635 assumerentur
1172 4587 1241 4647 qua
1251 4568 1760 4646 sequentiannoetslaiupoaterum

56 4662 268 4722 adherentibus
282 4663 448 4732 absidibus,
460 4664 517 4722 sibi
527 4665 596 4723 vols
617 4666 693 4738 (stt)
707 4672 881 4741 protegente
934 4680 1055 4740 semper
1068 4665 1182 4737 perata
1199 4653 1542 4720 haberentur.'l’reterea
1555 4659 1761 4719 anniversarie

55 4750 327 4825 lepideminustum
340 4752 495 4810 remansit.
506 4755 596 4811 Totus
607 4760 742 4827 preterea
759 4755 881 4815 eleustri
933 4759 1074 4830 quatuor,
1094 4766 1185 4809 suum
1208 4754 1236 4809 et
1255 4750 1358 4808 moris
1374 4762 1448 4815 sues,
1470 4747 1568 4823 petris
1580 4763 1760 4824 quoqueeu

55 4841 198 4907 ambitus,
213 4839 435 4909 dormitorium,
449 4841 592 4899 aamitata
609 4841 738 4912 abbans,
758 4844 882 4906 releeo
899 4903 906 4916 ,
922 4843 1049 4916 metris,
1062 4839 1133 4899 iude
1142 4836 1341 4912 egiinstituit
1354 4836 1397 4896 ita
1406 4836 1517 4896 seilicet
1538 4841 1569 4896 ut
1581 4837 1607 4896 si
1620 4837 1760 4911 predictas

54 4927 880 5014 rinmqnoquepertimtegnlispartimstramineeooper·
933 4946 1045 4992 marem
1056 4928 1085 4986 in
1100 4927 1175 4987 elios
1190 4925 1265 4996 torte
1279 4940 1352 4983 usus
1366 4925 1499 5000 sederim
1513 4925 1758 5010 espeudereptnr,

55 5021 91 5089 ta,
116 5018 197 5076 miro
211 5018 303 5077 modo
316 5018 357 5077 ab
375 5021 444 5090 igue
457 5026 667 5078 remanserunt
677 5022 797 5080 intaeta.
824 5023 877 5082 lile
933 5022 969 5080 le
980 5016 1064 5078 solidi
1077 5014 1130 5091 qui
1143 5015 1182 5073 de
1202 5013 1286 5073 bono
1305 5027 1361 5071 suo
1379 5011 1412 5070 in
1430 5011 1587 5072 sarchinio
1610 5011 1761 5087 preposito

55 5106 288 5165 mimeoseuers
310 5105 437 5181 quilibet
453 5110 561 5180 potest,
576 5107 660 5182 quod
682 5109 902 5184 omnipotens·
932 5109 1099 5176 solvuntur,
1123 5101 1265 5162 iratribus
1286 5101 1318 5159 in
1343 5099 1456 5159 eisdem
1485 5098 1699 5159 moiserssrits
1722 5098 1761 5157 ed

57 5194 129 5252 llsus
141 5195 221 5254 mire
232 5193 465 5270 dispensationis
476 5209 538 5253 sna
552 5195 743 5256 miseratione
762 5200 877 5260 stiram
931 5196 1124 5260 reiectionem
1134 5192 1290 5252 darentur.
1302 5189 1384 5283 ‘ctum
1396 5189 1488 5264 letter
1509 5189 1616 5249 abissi
1629 5186 1761 5248 wirious
1863 5191 1865 5194 ’

728 5324 850 5384 reatu
880 5319 1081 5385 munaus.

88 5418 323 5494 “promtus
338 5414 378 5476 t'.
415 5411 453 5457 δ”
467 5415 684 5493 expendendos
703 5421 741 5483 l'.

89 5612 632 5694 pulmonumsseespuesue.
738 5583 742 5591 ’
840 5520 1409 5693 ⁸⁰'ffpussemeeaae
1532 5589 1538 5670 ἶ
