3884 6050
49 214 110 278 877
258 234 260 239 ’
421 201 628 273 6680711601
649 200 860 269 erumnose.
884 236 924 249 -
942 199 1012 265 uo.
1035 203 1048 262 1
1068 199 1237 265 AUCTORE
1254 201 1389 264 IAEQNE.
1692 200 1755 270 llo

84 347 131 402 67.
151 347 195 403 176
208 341 453 415 persecutionibus
466 338 594 412 ejusdem
603 344 630 396 el
649 337 752 394 Todini
763 336 796 393 in
808 336 886 393 dunc
902 335 1009 393 locum.

85 435 132 491 68.
153 432 287 503 Qualiter
296 429 422 488 6116616
432 427 578 486 marchias
591 426 630 483 rit
644 440 783 483 reuersus.

85 521 133 578 69.
153 519 289 589 Qualiter
299 517 464 588 randulfus
478 517 644 574 itcraurum
660 512 750 583 liujus
765 515 855 586 utque
866 512 1000 581 6666666·
1009 509 1175 568 manasterii
1189 509 1301 582 auferri
1313 510 1504 582 praeceperit.

86 610 134 668 61.
154 608 247 676 Quale
259 603 596 676 miraculumsuclumsi'l
611 601 859 658 incorislrucli'oie
868 602 1104 659 66676676666676
1125 598 1296 658 Seolutlt‘eoe
1308 598 1345 657 de
1358 599 1470 672 6676676.

85 698 134 754 61.
152 698 197 755 176
210 695 287 752 oliti
294 694 405 753 6116776
423 690 586 761 716676711,
600 694 627 747 67
641 689 824 761 reprobanda
838 689 972 747 electimc
982 688 1099 748 Basilii.

84 787 133 844 68.
154 786 195 843 176
204 785 320 842 uilitate
332 782 469 854 66661666,
480 787 508 839 67
524 781 558 838 16
577 778 758 854 quorundam
773 777 976 836 oblationibus.

86 875 133 932 66.
155 873 287 943 Qualiter
300 872 459 943 imperator
473 867 665 926 Gduonradus
677 866 732 925 liuc
739 866 858 923 cenail.
871 872 898 923 et
911 867 1045 940 qualiter
1057 866 1302 924 611661776ὴηί666
1314 866 1352 924 sit
1366 866 1481 925 electus.

85 965 134 1021 66.
155 961 245 1031 Quali
257 976 291 1019 er
303 961 379 1016 Deus
389 959 425 1015 61
437 956 570 1017 inccndio
588 955 780 1014 lacunosum
794 953 914 1026 empuli.

87 1051 134 1108 65.
154 1052 195 1108 176
214 1049 309 1106 initiis
318 1047 432 1106 ailoti's
444 1045 584 1111 lliclcrii
598 1052 626 1101 et
640 1043 672 1100 de
681 1043 864 1117 quorundam
885 1041 918 1099 in
930 1042 1059 1102 76667676
1073 1042 1275 1103 ollulionilrus.

88 1142 135 1197 w.
154 1139 212 1194 lm,

86 1229 137 1285 67.
162 1225 338 1296 Qualitersit
351 1223 506 1297 66666676
517 1221 618 1280 611676
627 1236 713 1280 rocco
729 1221 764 1277 de
783 1221 1082 1292 vantraimrecmta.

87 1315 136 1374 68.
156 1315 285 1386 Qualiter
294 1313 368 1371 idem
382 1312 476 1370 67166
488 1311 527 1367 sit
536 1307 854 1383 adaquinensidui¹⁸⁴⁴
865 1309 1136 1382 6666176166666766,
1157 1315 1185 1366 el
1199 1311 1328 1381 qualiter
1337 1307 1508 1367 recollectus

87 1405 137 1462 69.
157 1402 303 1471 Quomodo
312 1402 351 1460 sit
358 1401 441 1458 ultra
454 1402 563 1457 mantes
572 1398 735 1469 profectus,
750 1405 777 1455 et
790 1396 824 1454 dc
833 1397 1002 1469 pestilentia
1015 1396 1222 1468 oepenilenlio
1235 1398 1449 1470 Aquiniusium
1459 1397 1507 1434 ¹⁸‘⁸

88 1495 138 1550 777.
162 1491 295 1560 Qualiter
307 1488 475 1547 Normonni
482 1486 703 1561 jurarerint:et
717 1501 769 1543 eur
782 1485 1020 1558 oppidumsoneti
1029 1486 1135 1557 Auqeli
1146 1485 1296 1544 euerlerit.

88 1581 137 1637 71.
162 1580 297 1648 Qualiter
309 1576 390 1650 opud
401 1575 541 1634 Sanctum
553 1574 732 1632 Germanum
740 1573 903 1631 Normanrii
915 1572 1003 1632 occisi
1011 1575 1079 1646 sirit,
1091 1580 1119 1631 et
1127 1574 1222 1631 omnia
1235 1580 1407 1647 nostraque
1420 1573 1758 1647 relinedant,oumroeeu

196 1667 291 1726 sancti
301 1666 543 1737 Aidmareccpia

88 1757 138 1815 le.
162 1757 228 1826 Qua
236 1755 361 1814 visiones
373 1771 458 1826 super
469 1752 517 1810 liis
539 1752 626 1825 qeslis
640 1768 658 1808 6
672 1749 792 1809 rusticis
803 1751 871 1808 risu
881 1757 958 1808 sunt.

87 1844 138 1903 76.
160 1842 418 1901 Demunitioiiiius
432 1841 629 1903 castellorum,
644 1845 671 1898 et
682 1846 773 1910 ponte
783 1838 876 1896 sancte
892 1839 1011 1912 Anqed.

87 1933 138 1992 76.
161 1932 293 2000 Qualiter
303 1929 493 2000 Poudulfas
481 1944 515 1985 in
529 1928 599 1984 lione
609 1933 718 1985 terram
732 1926 878 1984 nostiliter
891 1926 1059 2000 intraverit,
1073 1934 1101 1986 et
1119 1933 1152 1986 ul
1163 1928 1199 1986 61
1220 1928 1368 2001 1166666776
1381 1930 1509 2000 turpiter
1518 1870 1635 2001 lupulus
1646 1929 1699 1987 sil.

62 2074 65 2078 .
89 2024 139 2080 75.
163 2020 291 2090 Qualiter
302 2018 449 2089 flodulfus
462 2016 662 2090 expulsorum
663 2031 756 2074 eomer
775 2022 884 2073 terram
900 2016 972 2075 16666
983 2016 1116 2087 predari·
1124 2022 1262 2088 statuens,
1276 2017 1323 2076 die
1335 2018 1613 2092 sequentieetinctur
1623 2023 1758 2089 repertur

200 2109 249 2167 sil.

90 2196 128 2253 76
165 2195 300 2264 06666616
310 2210 395 2268 nepos
404 2194 496 2268 ipsius
506 2192 615 2250 6116776
628 2194 659 2249 is
671 2207 753 2251 roceo
766 2192 929 2264 6616776617,
941 2198 971 2252 67
983 2194 1116 2267 quiliter
1126 2198 1258 2267 receptus
1270 2195 1318 2253 sit.

90 2286 140 2345 77.
162 2286 208 2343 176
219 2286 345 2343 aduentu
358 2284 539 2357 inperatoris
553 2280 690 2339 Heinriei
706 2280 836 2347 Roriam,
853 2286 882 2340 et
895 2282 1022 2355 qualiter
1036 2283 1132 2341 trilus
1145 2283 1281 2355 depositis
1292 2283 1381 2341 illum
1396 2284 1572 2343 Clementem
1579 2282 1617 2341 in
1631 2285 1759 2342 Romame

198 2373 259 2431 sede
271 2374 435 2432 comtituil.

92 2465 142 2521 78.
164 2463 208 2521 176
221 2462 302 2520 donis
307 2464 401 2533 ipsius
415 2460 502 2518 inloc
514 2459 582 2528 loco,
595 2463 623 2518 67
632 2460 757 2534 qualiter
762 2460 893 2531 Capuam
902 2459 1397 2535 Pandulforeddiderit,cunctasque
1404 2460 1761 2535 Beneuentipertiuertias

199 2551 380 2609 Normannis
391 2548 565 2620 firmaverit.

91 2640 143 2697 79.
166 2639 302 2706 Quoliler
315 2640 370 2695 Leo
381 2653 460 2709 6666
473 2637 624 2695 ordinatus
634 2636 672 2693 61
690 2637 744 2694 7666
755 2635 959 2695 monasterium
972 2636 1059 2705 verrit,
1072 2641 1102 2695 67
1114 2637 1234 2696 17666666
1245 2641 1391 2697 reuerteris
1414 2638 1561 2697 eeclesiam
1586 2645 1700 2697 sanctu
1711 2638 1759 2676 ¹⁸⁴⁸

200 2726 360 2786 7666667666
375 2724 472 2783 611676·
489 2730 589 2782 nostro
602 2725 750 2782 6666666617.

91 2814 142 2872 86.
165 2817 209 2873 176
222 2830 322 2873 errore
333 2814 533 2886 capuanorum
544 2813 594 2887 qui
605 2828 663 2885 pro
676 2818 768 2870 costra
783 2813 879 2870 Conco
890 2813 1053 2884 prumiam
1075 2813 1132 2872 luc
1144 2814 1242 2873 oenire
1256 2814 1422 2872 uoluerunt.

92 2904 142 2961 81.
167 2903 299 2972 Qualiter
311 2903 417 2960 ilerum
425 2901 584 2974 prodictus
596 2916 670 2974 6666
683 2901 740 2960 lue
749 2902 837 2967 666667,
850 2905 878 2959 67
890 2907 922 2957 67
931 2902 1126 2960 Beneuentum
1139 2907 1172 2958 in
1190 2917 1247 2961 sua
1260 2901 1401 2973 fidelitate
1412 2903 1529 2974 recepit.

92 2991 142 3050 82.
166 2990 311 3061 Quomodo
321 2993 453 3063 princepe
466 2990 652 3048 Guaimaiius
666 2991 777 3048 occisus
790 2989 837 3062 sit,
853 2994 881 3048 et
895 2990 1035 3062 quomoda
1049 2990 1226 3050 uindicatus.

92 3080 143 3140 86.
166 3082 209 3139 176
223 3079 362 3138 allatione
372 3080 498 3150 fratrum
512 3080 730 3150 comannorum.

93 3170 143 3228 86.
167 3167 523 3240 Qualiternolispratatus
532 3183 607 3241 6666
619 3167 820 3225 monasterium
827 3169 1034 3228 Terracinense
1042 3169 1178 3240 restituit,
1187 3170 1605 3243 etqualilercumNormaunis
1613 3170 1764 3245 indpuliu

201 3259 363 3326 dimicarit,
377 3264 406 3317 et
418 3259 540 3315 Romam
553 3271 684 3315 reuersus
701 3257 787 3316 altit.

94 3346 144 3405 85.
168 3346 242 3415 Quid
255 3347 432 3418 apocrisarii
440 3345 589 3417 eiuiapud
608 3345 887 3417 Constantinopolim
900 3348 1057 3419 qesserinl.

95 3434 145 3494 86.
168 3437 212 3495 176
225 3437 361 3493 electione
373 3451 457 3505 6666
474 3433 603 3502 Victoris,
619 3440 645 3491 et
657 3434 794 3507 quomodo
809 3434 974 3494 rudericus
988 3434 1024 3491 61
1043 3434 1095 3494 lire
1107 3435 1314 3496 monasterium
1328 3383 1455 3497 uenerit.

96 3525 213 3582 87176
224 3523 546 3594 6666666671666666766
560 3524 769 3582 Sarracmisci.

96 3616 146 3672 88.
168 3616 208 3670 176
221 3612 409 3670 acutianum
415 3613 530 3671 comnis
547 3612 730 3678 7766666617,
741 3620 765 3670 et
775 3614 902 3687 qualiter
913 3612 960 3670 sel
972 3611 1025 3668 616
1030 3611 1187 3684 pradictus
1195 3613 1288 3673 61166
1296 3615 1456 3686 1676666766
1464 3615 1503 3673 667
1523 3623 1614 3690 atque
1630 3617 1762 3688 sepultus

95 3703 146 3761 89.
169 3703 213 3761 176
226 3701 398 3775 quidusdam
413 3701 545 3774 operibus
559 3701 651 3772 ipiius
664 3700 788 3767 ablatis,
804 3701 874 3759 etde
888 3701 1027 3760 electione
1037 3701 1151 3760 6116716
1169 3702 1265 3761 Petri.

97 3793 146 3851 91.
167 3793 212 3850 176
225 3791 354 3849 morilus
367 3790 495 3862 eiusdem
508 3788 1030 3861 6116716671661767166666666676676·
1040 3790 1761 3867 1666666,6766666666776166677676667666676

203 3877 327 3951 ejusdem
337 3878 391 3935 loci
402 3877 569 3949 prepositi.

97 3970 147 4028 91.
170 3968 304 4037 Qualiter
313 3966 459 4038 6666767666
471 3966 651 4037 apostolicus
662 3967 829 4024 electionem
841 3966 939 4023 nostri
949 3965 1061 4023 6116716
1069 3966 1192 4038 indique
1213 3965 1326 4034 tulerit,
1338 3973 1365 4025 il
1381 3968 1506 4040 qualiter
1528 3969 1646 4029 nometi
1671 3970 1761 4043 ipsius

203 4058 317 4128 priores
332 4055 423 4112 rostri
434 4056 608 4128 requloriter
621 4054 708 4111 illam
722 4069 782 4112 esse
792 4054 902 4125 (actam
915 4054 1099 4112 ostenderint.

97 4146 148 4208 97.
170 4146 298 4213 Qualiter
307 4143 478 4202 1166661166
492 4143 607 4200 eandum
616 4143 758 4201 odiatiam
772 4143 957 4213 refutaverit,
977 4148 1007 4202 67
1020 4144 1147 4215 qualiter
1161 4143 1438 4203 Fridericuseleclus
1451 4145 1500 4203 sit.

97 4235 148 4291 96.
169 4236 214 4293 176
223 4231 517 4308 primordiiseiusdem
524 4232 682 4300 driderici,
688 4237 716 4289 67
724 4230 1087 4299 consecrationcillius‚seu
1100 4232 1297 4306 deprioileqiis
1308 4232 1553 4293 liuicmanasteria
1562 4237 1752 4308 aieireiepti

206 4328 235 4380 et
254 4323 354 4394 suetis.

98 4411 149 4470 96.
173 4411 302 4480 Qualiter
311 4425 374 4469 eum
385 4409 509 4468 Romani
515 4423 625 4480 666666
643 4408 789 4481 67666766,
802 4412 828 4466 67
842 4408 917 4481 quod
930 4410 991 4479 ipse
1009 4408 1190 4481 postmodum
1202 4424 1333 4468 reuersus
1348 4411 1404 4470 lue
1417 4411 1517 4484 eqerii.

99 4498 150 4555 w.
172 4499 211 4556 176
224 4499 417 4557 oblationibus
425 4498 553 4570 episcopi
562 4497 723 4555 liar-siconi
732 4504 759 4554 et
776 4494 914 4556 oliorum.

100 4585 150 4647 96.
171 4586 302 4654 Qualiter
316 4587 390 4645 idem
399 4602 478 4658 papa
490 4586 661 4656 inpuratus
674 4583 853 4643 desiderium
866 4593 972 4655 possse
982 4586 1053 4657 lieri
1059 4584 1187 4644 61167666
1196 4588 1359 4645 6666767677.

100 4678 150 4736 97.
174 4675 306 4744 06671766·
314 4691 423 4734 omnem
432 4675 599 4734 tleiaurum
613 4673 891 4746 16671676617666666
902 4673 942 4732 61
952 4690 983 4733 se
995 4676 1139 4748 asportari⁸
1150 4676 1338 4744 mandauerit,
1350 4682 1378 4734 67
1392 4677 1493 4751 qualis
1502 4675 1574 4736 utsio
1586 4676 1694 4737 exinde
1705 4678 1767 4736 uisis

209 4766 258 4822 st‘l.

100 4853 219 4915 98176
228 4852 310 4912 olitis
322 4868 358 4913 uc
368 4853 501 4926 sepulcro
523 4851 617 4925 ipsius

756 5192 877 5256 VARIAE
895 5193 1098 5254 Lsc'rlouos.

105 5526 154 5567 ¹⁸⁸²
165 5528 240 5586 16667
253 5525 401 5601 inscriptio
412 5527 514 5600 eapitis
525 5524 946 5601 76666666676611666666666
955 5524 1078 5600 Apulia.
1117 5522 1164 5564 ¹⁸⁴⁸
1180 5471 1348 5584 mirisa
1385 5521 1434 5564 ¹⁸⁴⁸
1461 5521 1646 5602 6666661166
1664 5537 1690 5584 i.
1727 5519 1776 5561 ¹⁸⁴⁸

72 5632 298 5701 6666666666.
336 5616 385 5657 ¹⁸⁸⁸
399 5616 537 5680 6666776.
