3884 6050
156 205 233 268 laet
661 199 692 267 8.
715 199 870 268 ot'lorus
888 191 1170 259 calumnensis
1191 190 1360 256 npuoopr
1784 187 1867 249 teto

154 333 288 396 candelis
301 335 330 394 et
350 329 458 410 cappa,
475 353 544 413 ane
558 335 666 394 dicitur
691 335 782 393 vestis
795 327 936 396 candida,
952 328 980 383 ct
993 325 1019 386 A
1034 322 1189 380 llarzheim
1200 323 1269 396 (99),
1286 322 1366 380 unde
1381 337 1433 379 nos
1452 318 1633 378 notabiliora
1647 315 1869 391 excerpsimus.
1926 335 1927 338 ¹

153 423 502 502 petrluiecomitentihus
517 426 749 498 adbaptismum
760 421 979 486 deferentem·
1035 410 1662 483 cDiscessurosarobistradorobis,que
1676 408 1870 467 uaditasunt
1923 365 1927 478 i

154 511 799 587 quevestcianocentieincutospersingulos
812 509 979 578 dicensque
1032 502 1119 559 nobis
1133 518 1152 559 a
1166 503 1303 570 Domino,
1318 501 1440 558 arrham
1455 500 1526 557 fidei
1552 503 1663 557 sanctae
1673 499 1750 556 inter
1764 512 1818 554 vos
1837 499 1869 552 et

154 600 187 660 in
198 608 338 659 octavam
347 602 427 659 diem
433 602 633 674 eiusdemdiei
640 600 761 659 sabbati
775 599 813 656 ad
820 594 979 655 ecclesiam
1034 591 1139 658 Deum,
1154 595 1269 663 septem
1283 590 1394 648 scilicet
1407 595 1597 647 sacramenta
1618 586 1762 647 Ecclesiae
1773 585 1868 659 quasi

154 691 300 759 deterant,
313 696 343 749 et
354 691 643 750 celebrationidivini
653 691 741 750 officii
751 691 895 748 interesse
905 688 980 742 sata·
1033 684 1145 753 septem
1161 679 1358 752 significativa
1372 679 1454 736 dona
1478 677 1602 751 Spiritus
1625 675 1730 742 sancti,
1746 674 1866 749 quibui*

155 784 238 852 gant.
253 803 267 831 α
284 780 345 838 Hoc
359 781 447 839 etiam
459 780 804 854 districtaredargutione
813 772 978 851 prohibuit,
1033 767 1252 825 intendendoin
1263 767 1413 825 laboribus
1425 765 1620 823 etcertemine
1630 764 1866 834 hujusvitrenon

154 883 193 926 na
206 867 283 925 libas
296 884 367 926 sues
387 873 539 937 necarent,
563 870 645 943 quod
660 868 743 926 netas
754 865 886 924 maxime
903 862 980 919 inter
1033 855 1170 922 delicere,
1187 856 1239 914 scd
1251 856 1497 930 protlcererestra
1508 854 1603 928 possit
1620 852 1759 920 Ecclesia,
1777 867 1866 909 suos-

155 955 382 1026 eosrigabatzs
401 958 540 1015 ucetiam
551 957 629 1015 filios
656 973 727 1014 snos
742 962 794 1013 aut
816 953 893 1010 filias
907 965 979 1007 suas
1033 962 1093 1019 que
1114 944 1246 1002 delectus
1269 945 1400 1002 reficere.
1427 944 1530 1001 Videte
1554 947 1675 1014 ergoet
1699 946 1809 1005 nnete,
1835 945 1866 997 ut

156 1044 194 1102 ad
205 1044 389 1117 baptismum
402 1050 531 1116 teneant,
547 1047 599 1104 sad
613 1046 818 1119 sibipatrinos
831 1043 979 1116 querant,
1035 1033 1136 1090 sciatis
1161 1033 1318 1104 diligenter
1331 1047 1508 1090 enumerare
1523 1047 1590 1106 quie
1615 1029 1761 1087 tradimus
1779 1027 1867 1085 vohis

154 1133 283 1208 patrinis
295 1134 385 1191 etiarn
399 1134 491 1193 fidem
499 1139 528 1193 et
536 1133 698 1192 amicitiam
709 1138 742 1191 ut
754 1130 981 1201 carnalibuspa·
1034 1120 1221 1178 discedentes
1234 1137 1253 1179 a
1266 1121 1361 1178 vobis.
1383 1143 1398 1172 >r

154 1220 287 1280 rantibus
298 1227 425 1280 servent.
441 1245 456 1273 α
472 1223 625 1280 Interdixit
642 1222 742 1289 enam,
765 1237 803 1278 ne
817 1219 885 1293 quis
899 1232 982 1275 com·
1070 1209 1598 1283 Enumeratposteaillasaoramenta
1609 1206 1666 1265 alio
1676 1205 1868 1264 nonnihilor-

155 1313 283 1368 matram
294 1312 480 1370 suamducet
493 1312 523 1370 in
530 1327 664 1382 uxorem,
674 1327 769 1385 neque
775 1309 927 1382 propriam
935 1320 982 1362 con
1035 1298 1117 1367 dine,
1129 1298 1325 1372 baptismum,
1341 1314 1432 1372 quem
1447 1320 1461 1350 c
1474 1301 1607 1370 tempore
1619 1300 1781 1370 oportuno,
1792 1294 1868 1350 scili·

156 1403 281 1472 gnatam
291 1415 379 1457 suam
389 1416 485 1475 usque
494 1400 682 1458 insextamct
691 1398 851 1473 septimam
859 1409 983 1466 genera·
1036 1389 1119 1446 cetin
1133 1388 1265 1446 sabbato
1277 1392 1380 1445 sancto
1393 1387 1515 1444 Paschae
1526 1402 1561 1443 ac
1571 1386 1759 1443 pentecostes
1770 1406 1786 1434 r
1797 1399 1867 1440 con

156 1487 281 1546 tionem.
297 1507 312 1540 e
327 1490 370 1544 En
385 1488 498 1562 gradus
511 1488 698 1559 cognationis
709 1486 839 1544 carnalis
860 1487 890 1541 et
901 1482 984 1556 spiri·
1036 1476 1104 1534 terri
1130 1475 1273 1550 precipit.
1293 1477 1334 1533 lle
1358 1480 1548 1533 sacramento
1563 1472 1800 1532 confirmationis
1815 1488 1865 1528 eeu

156 1574 256 1634 toalis.
271 1597 282 1627 ι
300 1576 509 1649 Unusquisque
530 1581 689 1634 contentus
713 1576 751 1633 sit
769 1590 830 1632 una
846 1586 979 1631 uxore.»
1036 1565 1176 1624 unctione
1189 1564 1357 1622 chrismatis
1379 1564 1409 1620 in
1426 1565 1520 1621 trente
1543 1568 1654 1632 monet,
1680 1561 1756 1618 illud
1772 1584 1789 1611 s
1805 1575 1865 1617 non

158 1661 741 1736 SequentiaadpagaooePomeranorum
748 1664 822 1720 ritus
832 1665 980 1734 spectant:
999 1684 1022 1746 Β
1036 1669 1133 1728 usque
1146 1656 1175 1710 in
1185 1658 1335 1711 senectam
1347 1653 1548 1710 differendum
1564 1675 1577 1701 υ
1587 1667 1662 1718 esse,
1674 1672 1689 1705 s
1701 1655 1734 1708 ut
1742 1649 1866 1725 quidam

158 1753 229 1809 «Ne
250 1751 395 1825 sepeliant
408 1755 543 1810 mortuos
557 1753 738 1811 Chnshanos
752 1751 828 1809 inter
845 1762 983 1822 paganos
1036 1748 1153 1817 putant,
1168 1742 1220 1801 sed
1241 1742 1272 1799 in
1287 1743 1381 1814 ipsius
1402 1742 1607 1800 adolescentie
1633 1740 1748 1797 terrore
1772 1740 1867 1812 perci·

157 1840 189 1897 in
202 1839 284 1897 silvis
297 1840 384 1897 autin
396 1841 522 1915 campie,
536 1841 629 1899 sedin
641 1838 983 1908 coemeteriis,sioutmos
1036 1832 1192 1906 piendum,
1207 1832 1275 1905 quia
1287 1831 1336 1888 illa
1344 1836 1417 1888 etas
1427 1831 1523 1902 magis
1535 1830 1666 1888 obnoxia
1678 1834 1723 1886 est
1732 1829 1867 1886 tentatio

157 1931 202 1986 est
215 1928 352 1985 omnium
367 1927 611 1987 Christianorum.
629 1932 670 1987 Ne
682 1929 776 1987 instes
795 1927 834 1985 ad
848 1924 985 2000 scpulcra
1037 1921 1136 1979 nibus.
1153 1943 1167 1972 r
1178 1920 1274 1977 'lertio
1288 1920 1621 1993 locoponitunctioncm
1636 1915 1868 1976 intirmorumab

33 2007 37 2016 ’
156 2030 260 2076 eorum
275 2020 401 2090 ponant.
422 2018 547 2075 Omnem
557 2017 648 2075 ritum
663 2022 691 2075 at
704 2015 881 2090 pravitatem
893 2028 985 2086 pega·
1038 2010 1121 2068 omni
1136 2009 1301 2067 Christiano
1310 2010 1338 2066 ln
1351 2024 1448 2080 agone
1463 2009 1568 2066 mortis
1583 2006 1815 2065 desiderandam
1840 2012 1868 2061 et

157 2103 516 2175 namabjiciant;domoe
531 2104 681 2162 idolorum
709 2119 768 2161 non
789 2103 983 2168 construant;
1039 2097 1269 2173 percipiendam.
1284 2097 1512 2165 Quartumdicit
1526 2100 1748 2155 sacramentum
1761 2095 1869 2151 eucha-

158 2190 366 2267 pythonyseas
379 2206 442 2249 non
457 2192 566 2250 adeant
579 2209 586 2261 ;
600 2191 804 2263 cartilaginea
825 2190 893 2247 sint.
908 2188 984 2245 »llis
1037 2185 1137 2257 ristiae,
1153 2184 1192 2242 ad
1202 2185 1283 2259 quod
1294 2186 1477 2243 sumendum
1487 2185 1657 2259 frequenter
1670 2184 1779 2240 missas
1793 2183 1870 2238 cele·

160 2278 299 2353 quiedam
309 2279 389 2336 addit
399 2294 434 2337 ex
449 2279 607 2352 primitive
622 2280 758 2338 Ecclesia
771 2278 985 2337 moredesum·
1038 2275 1116 2333 brari
1127 2274 1221 2349 jubet.
1239 2275 1380 2348 «Oportet
1391 2279 1503 2343 tamen,
1513 2295 1527 2327 »
1541 2274 1633 2340 addit,
1649 2277 1699 2330 «et
1715 2287 1768 2329 vos
1783 2272 1870 2343 ipsos

159 2372 222 2442 pta,
234 2367 339 2425 eodem
349 2371 450 2425 tamen
464 2383 500 2425 ex
514 2367 661 2426 flnennno
674 2367 849 2426 Pomeranie
862 2367 901 2424 ad
913 2371 986 2424 tem·
1039 2368 1084 2424 ter
1097 2364 1144 2421 vel
1156 2368 1261 2438 quater
1274 2364 1305 2420 ia
1318 2379 1409 2431 anno,
1424 2364 1447 2419 si
1462 2363 1594 2436 amplius
1603 2363 1666 2419 ficri
1679 2377 1742 2419 non
1756 2365 1869 2434 potest

159 2471 219 2531 pus
230 2454 385 2521 neuen,
406 2472 469 2530 quc
487 2455 627 2527 gentibus
648 2472 752 2515 recens
772 2455 922 2514 conversis
936 2470 988 2529 per
1040 2459 1069 2510 et
1077 2453 1294 2510 contessionem
1309 2452 1407 2510 tacere
1415 2456 1505 2526 atquc
1517 2452 1574 2525 ipsi
1586 2455 1775 2509 sacramento
1787 2466 1870 2507 com·

161 2543 313 2617 apostolos
323 2543 475 2617 imposita,
490 2543 705 2619 quorumadeo
717 2544 870 2602 decretum
880 2542 988 2600 incon·
1040 2540 1204 2599 municare.
1221 2561 1236 2591 r
1249 2543 1288 2598 lie
1299 2538 1790 2614 quintoseupoeniteutianilallud
1805 2554 1869 2611 spe

161 2630 988 2706 cilioHierosolymitanonecdumsreculoxupleneexo
1041 2629 1116 2689 ciale
1131 2634 1252 2696 monet;
1278 2630 1439 2702 «quinque
1465 2633 1564 2686 autem
1586 2627 1651 2685 haec
1676 2630 1870 2684 sacramenta

161 2720 282 2781 leverat.
310 2720 448 2793 Sequitur
461 2720 543 2778 enim
565 2738 573 2778 z
597 2741 612 2775 c
636 2724 677 2778 Ne
695 2720 767 2795 quid
793 2719 988 2778 immundum
1041 2715 1867 2794 quasigenereliasuntetomniChristianonecessaria:1

162 2808 333 2876 comedant,
346 2808 989 2883 nonmortioinum‚nonsuffocatum‚uaqua
1041 2806 1152 2879 reliqua
1169 2809 1269 2863 antem
1283 2808 1344 2863 duo
1365 2805 1563 2878 particularia.
1577 2821 1632 2879 pro
1655 2808 1736 2861 certo
1749 2808 1869 2861 tautum

161 2896 373 2971 idolothytum,
383 2899 660 2971 nequesanguinem
667 2898 989 2956 animaliumltacom·
1042 2895 1201 2952 hominum
1214 2900 1291 2952 statu
1306 2896 1443 2953 instituta
1460 2901 1488 2952 et
1503 2896 1596 2953 cuivis
1608 2894 1703 2952 libera
1719 2910 1726 2962 ;
1750 2898 1870 2951 sextum

163 2988 316 3048 municant
329 2986 467 3061 paganis,
487 3002 543 3046 nec
559 2986 659 3046 cibum
674 2991 838 3061 autpotum
852 3002 923 3045 oum
946 2987 989 3045 eis
1003 3039 1029 3103 c
1043 2998 1153 3057 nempe
1167 2999 1220 3040 seu
1234 2985 1419 3057 coniugium,
1435 3000 1470 3043 ac
1485 2984 1645 3058 septimum
1669 2999 1724 3041 seu
1743 2982 1869 3042 ordines

166 3083 219 3135 ant
229 3077 260 3134 in
274 3075 404 3134 vasculis
417 3091 522 3134 eorum
532 3082 664 3144 sumant,
679 3092 717 3134 ne
739 3076 771 3134 in
784 3075 833 3134 his
846 3075 989 3134 omnibus
1044 3074 1130 3131 sacri.
1141 3073 1306 3146 praeprimis
1314 3073 1362 3131 hic
1375 3090 1503 3132 uxorum
1511 3073 1703 3147 pluralitatem
1713 3072 1871 3144 motibuic

165 3164 413 3225 consuetudinem
427 3179 580 3238 paganam
599 3170 745 3239 repetent.
764 3187 775 3217 ι
1044 3161 1184 3218 usitatam
1209 3160 1356 3235 prohibet.
1378 3185 1388 3212 r
1407 3162 1521 3235 Siquis
1540 3177 1609 3233 ergo
1631 3163 1661 3219 in
1676 3162 1763 3219 vobis
1785 3169 1869 3231 est·

204 3276 216 3307 ι
233 3253 364 3325 lnjunxit
378 3253 468 3310 etiam
482 3254 535 3320 eis,
548 3257 591 3321 ut,
604 3252 678 3310 dum
692 3254 759 3311 sani
773 3258 853 3319 sunt,
869 3253 992 3311 veniant
1043 3248 1148 3323 inquit,
1164 3269 1178 3300 s
1194 3248 1243 3322 qui
1265 3250 1364 3322 plures
1385 3249 1521 3308 habuerit
1543 3265 1649 3307 uxores
1676 3255 1745 3307 ante
1768 3249 1871 3322 bapti·

166 3341 206 3400 ad
216 3339 536 3407 sacerdotesEcclasie‚
546 3341 989 3415 utoonflteanturpeccatasua:
1044 3353 1145 3393 smum
1157 3351 1237 3393 nuno
1260 3353 1353 3396 unam
1371 3337 1409 3395 de
1420 3337 1488 3406 illis,
1504 3354 1573 3412 que
1587 3338 1644 3395 sibi
1654 3338 1750 3409 magis
1762 3337 1871 3410 placet,

167 3430 199 3488 in
209 3427 380 3486 infirmitate
394 3432 493 3485 eutem
507 3444 560 3486 sua
572 3433 678 3486 vocent
694 3429 883 3503 presbyteros
895 3428 990 3497 adse,
1044 3426 1143 3497 eligat,
1165 3424 1358 3500 dimissisque
1381 3427 1444 3483 eliis
1469 3427 1548 3485 banc
1567 3427 1664 3485 solam
1687 3427 1798 3485 habeat
1812 3428 1872 3483 ritn

165 3521 200 3576 ut
212 3516 408 3575 confiteantur
421 3522 618 3590 paccatasua,
632 3521 777 3591 etcorpus
788 3518 901 3575 domini
914 3517 992 3575 acci·
1044 3514 1218 3573 Christiano.
1235 3536 1248 3567 r
1261 3516 1306 3572 Ad
1319 3517 1667 3583 sacramentumordinis‚
1683 3538 1696 3568 r
1710 3517 1763 3590 qui
1781 3517 1872 3573 mori

165 3606 260 3681 piant.
273 3604 400 3663 Instituit
412 3605 554 3672 atiam,ut
567 3604 605 3663 de
617 3606 765 3681 perjuriis,
776 3606 814 3664 de
826 3606 990 3678 adulteriis,
1043 3603 1101 3660 bus
1115 3619 1151 3660 ac
1165 3604 1287 3661 scientia
1302 3604 1398 3676 magis
1407 3605 1507 3662 idonei
1520 3610 1599 3671 sunt,
1612 3605 1754 3662 invitandi
1769 3606 1871 3677 potius

166 3694 205 3752 de
216 3692 471 3761 homicidiis,etde
481 3694 594 3752 ceteris
604 3694 811 3753 criminalibus
823 3695 991 3753 secundum
1043 3708 1137 3765 quam
1151 3693 1295 3750 trahendi.
1313 3715 1327 3745 e
1344 3692 1871 3762 Undeeosexhortatur,utdeliberis

166 3798 319 3843 emonam
332 3782 467 3841 instituta
479 3783 684 3855 penitentiam
699 3790 799 3855 agant,
819 3790 847 3842 et
862 3785 992 3843 inomni
1044 3781 1107 3839 suis
1135 3780 1175 3838 ad
1200 3780 1373 3838 clericatum
1400 3782 1521 3838 tradant
1534 3804 1549 3834 «
1572 3781 1744 3840 liberalibus
1766 3782 1872 3839 studiis

167 3871 331 3931 Christim
366 3870 508 3942 religione
530 3876 560 3929 et
584 3871 792 3931 observatione
818 3873 992 3932 obedientes
1044 3871 1128 3942 prius
1142 3869 1300 3941 diligenter
1319 3871 1488 3938 instructos,
1505 3892 1520 3923 s
1535 3876 1567 3927 ut
1591 3871 1647 3944 ipsi
1659 3887 1714 3944 per
1728 3887 1770 3938 ee,
1794 3873 1873 3929 sicut

168 3960 237 4018 sint.
253 3981 268 4010 »
280 3960 433 4017 rescntur
445 3958 511 4017 boo
524 3960 559 4017 de
574 3960 683 4018 usitata
695 3964 757 4018 tum
770 3961 870 4018 adhuc
895 3962 993 4019 Eccle·
1045 3958 1111 4016 alin
1123 3964 1239 4029 gentes,
1254 3959 1291 4016 de
1300 3960 1403 4033 lingua
1412 3975 1468 4017 sua
1481 3960 1793 4019 Latinitatisconsoios
1804 3977 1873 4032 pos

167 4049 217 4107 sire
231 4047 310 4105 circa
322 4047 501 4121 prenitentes
509 4047 676 4121 disciplina.
691 4048 841 4106 Domum«
852 4049 993 4108 mulieres
1045 4046 1104 4104 sint
1117 4046 1227 4104 habere
1248 4046 1369 4104 clericos
1383 4052 1412 4105 et
1425 4049 1603 4105 sacerdotes.

166 4140 358 4215 postpartum
368 4134 706 4205 adecclesiamveniant,
716 4143 745 4195 et
754 4137 991 4196 benedictionem
1080 4135 1247 4193 Sermonem
1259 4153 1348 4193 suum
1356 4137 1398 4194 ita
1406 4136 1523 4194 undem
1533 4135 1873 4211 concludit:«0uapro-

167 4225 362 4297 sacerdote,
376 4224 449 4281 sicut
458 4239 525 4281 mos
535 4229 590 4294 est,
600 4225 757 4297 accipiant.
772 4227 909 4284 »Recitat
922 4225 992 4283 dein
1044 4229 1111 4298 pter
1123 4225 1207 4282 omni
1218 4225 1332 4282 honore
1346 4240 1383 4282 ac
1394 4226 1557 4283 reverentia
1567 4226 1673 4282 eadem
1682 4235 1872 4284 sacramanta

167 4314 374 4390 Urspergensis
385 4313 508 4371 nomina
518 4313 835 4389 civitatum,inquibus
849 4316 993 4389 predica·
1046 4320 1160 4370 servate
1173 4312 1330 4385 diligenter
1344 4317 1373 4371 et
1387 4314 1587 4372 veneremini:
1614 4314 1718 4371 docete
1742 4330 1779 4373 ea
1794 4314 1871 4372 filios

165 4404 295 4470 vitono,
310 4418 468 4477 perperam
479 4407 579 4460 tamen
594 4401 719 4460 ineditis
731 4419 872 4473 expressa
885 4421 892 4461 ε
905 4405 989 4473 Piriz,
1008 4396 1031 4455 ll
1045 4406 1170 4469 vestros,
1187 4405 1219 4459 ut
1231 4402 1401 4460 memoriter
1416 4408 1535 4460 teneant
1548 4406 1577 4458 et
1599 4401 1757 4474 diligenter
1767 4402 1872 4460 obser·

166 4492 266 4559 stetin,
281 4490 494 4562 vulingumen,
504 4490 525 4547 i.
538 4505 565 4547 e.
575 4490 683 4557 wolin,
712 4493 824 4560 camin,
838 4491 991 4560 colberch,
1044 4494 1113 4547 vent
1126 4490 1870 4561 inomnesgeuerationes.Eccehabetisecclesiam,

164 4579 320 4652 Belgrado,
346 4577 547 4651 lubingresch
559 4594 612 4636 sen
635 4579 731 4638 hubin
758 4585 786 4638 et
806 4581 916 4639 Gresch
928 4580 990 4640 sive
1043 4578 1160 4636 habetis
1176 4579 1371 4647 sacerdotem,
1386 4580 1478 4637 dehis
1490 4581 1870 4655 omnibusetquoacunque

165 4669 280 4728 Gradiz.
682 4672 689 4684 '
1044 4672 1115 4725 sunt
1128 4668 1296 4726 necessaria
1307 4669 1402 4737 robis,
1428 4669 1631 4727 abuudantius
1645 4685 1701 4727 vos
1725 4671 1870 4727 instruere

200 4754 243 4812 hl.
255 4750 350 4811 Facile
363 4765 434 4809 vero
448 4750 517 4825 quis
528 4749 578 4808 hic
593 4752 682 4820 ridet,
703 4751 858 4827 potissima
873 4757 990 4812 tantum
1043 4755 1198 4814 scientem.
1214 4757 1395 4830 lpsurnergo
1405 4757 1674 4824 sicotmeaudietis,
1683 4759 1869 4815 honorantes

163 4842 369 4901 ecclesiastice
378 4839 543 4914 discipline
557 4840 657 4913 capita
671 4857 723 4915 pro
738 4842 910 4899 Pomeranis
922 4857 989 4901 esse
1042 4849 1071 4903 et
1082 4852 1218 4903 amantes
1230 4860 1310 4911 eum,
1325 4853 1354 4902 et
1367 4846 1869 4920 quacunquevobisdixeritlacieo·

163 4928 989 5005 conscripta,nonlpsamdogmaticamdoctriuam,quam
1043 4938 1095 4991 tes.
1111 4937 1143 4990 Et
1163 4950 1240 4992 nunc
1255 4949 1312 5005 ego
1324 4934 1411 5001 rado,
1428 4936 1534 4993 iterum
1551 4936 1609 4993 cito
1631 4951 1805 4993 reversurus
1828 4936 1868 4993 ad

161 5018 194 5076 in
207 5017 291 5075 libris
302 5018 342 5076 ab
361 5035 396 5077 eo
405 5018 489 5076 haud
501 5018 590 5077 dubie
603 5018 711 5076 relictis
726 5019 823 5094 legere
839 5024 987 5094 poterent,
1042 5038 1104 5079 ros.
1117 5021 1219 5080 valete
1231 5023 1261 5080 in
1278 5022 1415 5088 ltomiuo,
1430 5023 1649 5081 dilectissimi.»

161 5121 224 5164 non
237 5106 307 5163 item
318 5106 427 5180 priora.
439 5108 608 5166 lioctrinam
617 5109 782 5183 quoquede
792 5108 989 5167 sacramentis
1078 5111 1134 5168 Lll.
1149 5112 1240 5183 igitur
1254 5112 1320 5170 otto
1334 5126 1353 5169 a
1367 5112 1481 5171 dilectis
1492 5112 1722 5187 suisneophytis
1732 5129 1794 5171 non
1804 5114 1866 5171 sine

161 5195 205 5256 eis
218 5194 386 5253 valedicens
398 5212 534 5255 sermone
547 5196 902 5271 primum,deinetbrevi
915 5200 988 5258 scri·
1041 5200 1180 5273 lacrymis
1207 5218 1284 5269 repre
1309 5201 1440 5268 avulsus,
1465 5202 1565 5260 adhuc
1593 5219 1693 5259 mense
1708 5203 1866 5261 Februario

160 5289 214 5361 pto
227 5284 459 5343 commendarit.
475 5288 557 5344 liano
581 5286 670 5346 refert
694 5287 827 5347 sefridus
849 5293 878 5346 et
891 5305 929 5347 en
951 5305 988 5348 eo
1041 5290 1112 5347 anni
1125 5294 1190 5347 1¹25
1205 5290 1236 5347 in
1248 5290 1401 5349 Potoniam
1416 5291 1510 5364 rediit,
1526 5290 1639 5366 ingenti
1652 5291 1766 5363 gaudio
1779 5308 1799 5351 a
1812 5291 1867 5350 Bo·

195 5464 255 5539 (99)
271 5460 376 5523 Concil.
388 5461 495 5533 Germ„
510 5463 597 5530 t.111,
611 5481 638 5538 p.
654 5467 716 5525 tot.
