<?xml version="1.0" encoding="UTF-8"?>
<!DOCTYPE html PUBLIC "-//W3C//DTD XHTML 1.0 Transitional//EN"
    "http://www.w3.org/TR/xhtml1/DTD/xhtml1-transitional.dtd">
<html xmlns="http://www.w3.org/1999/xhtml" xml:lang="en" lang="en">
 <head>
  <title>
</title>
<meta http-equiv="Content-Type" content="text/html;charset=utf-8" />
  <meta name='ocr-system' content='tesseract 3.04.00' />
  <meta name='ocr-capabilities' content='ocr_page ocr_carea ocr_par ocr_line ocrx_word'/>
</head>
<body>
  <div class='ocr_page' id='page_1' title='image "./patrologiaecurs160unkngoog/patrologiaecurs160unkngoog_0774.png"; bbox 0 0 3884 6050; ppageno 0'>
   <div class='ocr_carea' id='block_1_1' title="bbox 186 199 1919 271">
    <p class='ocr_par' dir='ltr' id='par_1_1' title="bbox 186 199 1919 271">
     <span class='ocr_line' id='line_1_1' title="bbox 186 199 1919 271; baseline -0.005 -1"><span class='ocrx_word' id='word_1_1' title='bbox 186 204 262 271; x_wconf 82' lang='lat' dir='ltr'><strong>ttet</strong></span> <span class='ocrx_word' id='word_1_2' title='bbox 778 215 783 224; x_wconf 82' lang='lat'><strong><em>&#39;</em></strong></span> <span class='ocrx_word' id='word_1_3' title='bbox 840 203 1048 269; x_wconf 70' lang='lat' dir='ltr'><strong>insument</strong></span> <span class='ocrx_word' id='word_1_4' title='bbox 1068 203 1231 269; x_wconf 71' lang='lat' dir='ltr'><strong>lunicius</strong></span> <span class='ocrx_word' id='word_1_5' title='bbox 1834 199 1919 261; x_wconf 76' lang='grc'><strong>1196</strong></span> 
     </span>
    </p>
   </div>
   <div class='ocr_carea' id='block_1_2' title="bbox 183 328 1919 3858">
    <p class='ocr_par' dir='ltr' id='par_1_2' title="bbox 183 328 1919 3858">
     <span class='ocr_line' id='line_1_2' title="bbox 185 328 1919 411; baseline -0.005 -14"><span class='ocrx_word' id='word_1_6' title='bbox 185 353 242 397; x_wconf 80' lang='lat' dir='ltr'><strong>rua</strong></span> <span class='ocrx_word' id='word_1_7' title='bbox 256 338 344 410; x_wconf 85' lang='lat' dir='ltr'><strong>gente</strong></span> <span class='ocrx_word' id='word_1_8' title='bbox 353 333 391 394; x_wconf 91' lang='lat' dir='ltr'><strong>de</strong></span> <span class='ocrx_word' id='word_1_9' title='bbox 400 332 594 407; x_wconf 71' lang='lat' dir='ltr'><strong>(tremulano,</strong></span> <span class='ocrx_word' id='word_1_10' title='bbox 608 333 705 396; x_wconf 87' lang='lat' dir='ltr'><strong>caude</strong></span> <span class='ocrx_word' id='word_1_11' title='bbox 719 335 1008 408; x_wconf 85' lang='lat' dir='ltr'><strong>Simonellagocan-</strong></span> <span class='ocrx_word' id='word_1_12' title='bbox 1024 328 1919 411; x_wconf 76' lang='lat' dir='ltr'><strong>Aralemsynodnm.iterumquarationedivnlgaviteum·</strong></span> 
     </span>
     <span class='ocr_line' id='line_1_3' title="bbox 185 421 1917 500; baseline -0.005 -14"><span class='ocrx_word' id='word_1_13' title='bbox 185 427 269 493; x_wconf 89' lang='lat' dir='ltr'><strong>tavit,</strong></span> <span class='ocrx_word' id='word_1_14' title='bbox 280 430 308 485; x_wconf 91' lang='lat' dir='ltr'><strong>et</strong></span> <span class='ocrx_word' id='word_1_15' title='bbox 322 425 517 486; x_wconf 85' lang='lat' dir='ltr'><strong>Grossulanus</strong></span> <span class='ocrx_word' id='word_1_16' title='bbox 532 425 612 500; x_wconf 90' lang='lat' dir='ltr'><strong>apud</strong></span> <span class='ocrx_word' id='word_1_17' title='bbox 625 441 714 484; x_wconf 90' lang='lat' dir='ltr'><strong>suam</strong></span> <span class='ocrx_word' id='word_1_18' title='bbox 737 426 856 500; x_wconf 83' lang='lat' dir='ltr'><strong>plebem</strong></span> <span class='ocrx_word' id='word_1_19' title='bbox 877 425 967 491; x_wconf 85' lang='lat' dir='ltr'><strong>idolo,</strong></span> <span class='ocrx_word' id='word_1_20' title='bbox 982 427 1011 481; x_wconf 89' lang='lat' dir='ltr'><strong>et</strong></span> <span class='ocrx_word' id='word_1_21' title='bbox 1063 423 1133 482; x_wconf 91' lang='lat' dir='ltr'><strong>dem</strong></span> <span class='ocrx_word' id='word_1_22' title='bbox 1145 425 1204 482; x_wconf 92' lang='lat' dir='ltr'><strong>dici</strong></span> <span class='ocrx_word' id='word_1_23' title='bbox 1217 441 1374 483; x_wconf 90' lang='lat' dir='ltr'><strong>erroneum</strong></span> <span class='ocrx_word' id='word_1_24' title='bbox 1389 429 1424 491; x_wconf 82' lang='lat' dir='ltr'><strong>u)</strong></span> <span class='ocrx_word' id='word_1_25' title='bbox 1446 423 1518 498; x_wconf 88' lang='lat' dir='ltr'><strong>quia</strong></span> <span class='ocrx_word' id='word_1_26' title='bbox 1531 439 1595 480; x_wconf 88' lang='lat' dir='ltr'><strong>enni</strong></span> <span class='ocrx_word' id='word_1_27' title='bbox 1623 424 1703 481; x_wconf 86' lang='lat' dir='ltr'><strong>clero</strong></span> <span class='ocrx_word' id='word_1_28' title='bbox 1727 427 1759 479; x_wconf 89' lang='lat' dir='ltr'><strong>et</strong></span> <span class='ocrx_word' id='word_1_29' title='bbox 1774 421 1917 494; x_wconf 85' lang='lat' dir='ltr'><strong>populo</strong></span> 
     </span>
     <span class='ocr_line' id='line_1_4' title="bbox 183 511 1916 589; baseline -0.005 -15"><span class='ocrx_word' id='word_1_30' title='bbox 183 516 278 575; x_wconf 88' lang='lat' dir='ltr'><strong>vitulo</strong></span> <span class='ocrx_word' id='word_1_31' title='bbox 294 514 448 587; x_wconf 86' lang='lat' dir='ltr'><strong>conflatili,</strong></span> <span class='ocrx_word' id='word_1_32' title='bbox 463 520 553 589; x_wconf 89' lang='lat' dir='ltr'><strong>atque</strong></span> <span class='ocrx_word' id='word_1_33' title='bbox 567 515 677 572; x_wconf 90' lang='lat' dir='ltr'><strong>homini</strong></span> <span class='ocrx_word' id='word_1_34' title='bbox 692 515 813 589; x_wconf 87' lang='lat' dir='ltr'><strong>perfido,</strong></span> <span class='ocrx_word' id='word_1_35' title='bbox 833 520 862 572; x_wconf 91' lang='lat' dir='ltr'><strong>et</strong></span> <span class='ocrx_word' id='word_1_36' title='bbox 888 513 1011 589; x_wconf 88' lang='lat' dir='ltr'><strong>perjuro</strong></span> <span class='ocrx_word' id='word_1_37' title='bbox 1064 515 1235 574; x_wconf 86' lang='lat' dir='ltr'><strong>Grossulani</strong></span> <span class='ocrx_word' id='word_1_38' title='bbox 1246 513 1767 587; x_wconf 76' lang='lat' dir='ltr'><strong>scrutiniumttlegitetbaptismum</strong></span> <span class='ocrx_word' id='word_1_39' title='bbox 1777 511 1916 568; x_wconf 71' lang='lat' dir='ltr'><strong>YEtcon-</strong></span> 
     </span>
     <span class='ocr_line' id='line_1_5' title="bbox 184 600 1913 678; baseline -0.005 -16"><span class='ocrx_word' id='word_1_40' title='bbox 184 605 751 678; x_wconf 73' lang='lat' dir='ltr'><strong>lordonumcomparavittcsicstagem</strong></span> <span class='ocrx_word' id='word_1_41' title='bbox 765 602 1011 678; x_wconf 78' lang='lat' dir='ltr'>quamplurimam</span> <span class='ocrx_word' id='word_1_42' title='bbox 1063 608 1109 661; x_wconf 85' lang='lat' dir='ltr'><strong>tra</strong></span> <span class='ocrx_word' id='word_1_43' title='bbox 1125 603 1288 661; x_wconf 86' lang='lat' dir='ltr'><strong>lordanum</strong></span> <span class='ocrx_word' id='word_1_44' title='bbox 1302 603 1467 677; x_wconf 87' lang='lat' dir='ltr'><strong>apostolica</strong></span> <span class='ocrx_word' id='word_1_45' title='bbox 1490 603 1666 661; x_wconf 86' lang='lat' dir='ltr'><strong>auctoritate</strong></span> <span class='ocrx_word' id='word_1_46' title='bbox 1687 602 1863 658; x_wconf 88' lang='lat' dir='ltr'><strong>donatum</strong></span> <span class='ocrx_word' id='word_1_47' title='bbox 1882 600 1913 667; x_wconf 54' lang='lat'><strong>(6&lt;</strong></span> 
     </span>
     <span class='ocr_line' id='line_1_6' title="bbox 184 688 1913 768; baseline -0.005 -16"><span class='ocrx_word' id='word_1_48' title='bbox 184 696 310 768; x_wconf 87' lang='lat' dir='ltr'><strong>uterque</strong></span> <span class='ocrx_word' id='word_1_49' title='bbox 323 691 456 766; x_wconf 74' lang='lat' dir='ltr'><strong>pontifex</strong></span> <span class='ocrx_word' id='word_1_50' title='bbox 470 691 668 759; x_wconf 90' lang='lat' dir='ltr'><strong>commiscuit,</strong></span> <span class='ocrx_word' id='word_1_51' title='bbox 684 694 717 750; x_wconf 92' lang='lat' dir='ltr'><strong>in</strong></span> <span class='ocrx_word' id='word_1_52' title='bbox 730 708 793 767; x_wconf 91' lang='lat' dir='ltr'><strong>qua</strong></span> <span class='ocrx_word' id='word_1_53' title='bbox 808 690 951 764; x_wconf 86' lang='lat' dir='ltr'><strong>Rogerius</strong></span> <span class='ocrx_word' id='word_1_54' title='bbox 973 691 1011 748; x_wconf 89' lang='lat' dir='ltr'><strong>de</strong></span> <span class='ocrx_word' id='word_1_55' title='bbox 1064 692 1323 766; x_wconf 86' lang='lat' dir='ltr'><strong>archiepiscopum</strong></span> <span class='ocrx_word' id='word_1_56' title='bbox 1338 691 1405 764; x_wconf 89' lang='lat' dir='ltr'><strong>quis</strong></span> <span class='ocrx_word' id='word_1_57' title='bbox 1412 691 1609 765; x_wconf 90' lang='lat' dir='ltr'><strong>potuitdicerc</strong></span> <span class='ocrx_word' id='word_1_58' title='bbox 1621 705 1687 746; x_wconf 85' lang='lat' dir='ltr'><strong>esse</strong></span> <span class='ocrx_word' id='word_1_59' title='bbox 1694 688 1913 746; x_wconf 86' lang='lat' dir='ltr'><strong>simulacrum</strong></span> 
     </span>
     <span class='ocr_line' id='line_1_7' title="bbox 186 776 1905 856; baseline -0.007 -12"><span class='ocrx_word' id='word_1_60' title='bbox 186 786 340 845; x_wconf 88' lang='lat' dir='ltr'><strong>Sorexima</strong></span> <span class='ocrx_word' id='word_1_61' title='bbox 354 781 440 840; x_wconf 86' lang='lat' dir='ltr'><strong>miles</strong></span> <span class='ocrx_word' id='word_1_62' title='bbox 450 783 634 856; x_wconf 75' lang='lat' dir='ltr'><strong>capitaneus.</strong></span> <span class='ocrx_word' id='word_1_63' title='bbox 646 788 675 840; x_wconf 90' lang='lat' dir='ltr'><strong>et</strong></span> <span class='ocrx_word' id='word_1_64' title='bbox 684 782 866 856; x_wconf 72' lang='lat' dir='ltr'><strong>ariprandus</strong></span> <span class='ocrx_word' id='word_1_65' title='bbox 879 781 1011 839; x_wconf 85' lang='lat' dir='ltr'><strong>deLam·</strong></span> <span class='ocrx_word' id='word_1_66' title='bbox 1064 784 1093 839; x_wconf 91' lang='lat' dir='ltr'><strong>et</strong></span> <span class='ocrx_word' id='word_1_67' title='bbox 1106 780 1255 838; x_wconf 89' lang='lat' dir='ltr'><strong>bominem</strong></span> <span class='ocrx_word' id='word_1_68' title='bbox 1263 781 1412 855; x_wconf 89' lang='lat' dir='ltr'><strong>perfidum</strong></span> <span class='ocrx_word' id='word_1_69' title='bbox 1424 776 1905 853; x_wconf 59' lang='lat' dir='ltr'><strong>atqueperJuriuminimirnmtss</strong></span> 
     </span>
     <span class='ocr_line' id='line_1_8' title="bbox 185 868 1911 949; baseline -0.005 -18"><span class='ocrx_word' id='word_1_70' title='bbox 185 872 356 949; x_wconf 71' lang='lat' dir='ltr'><strong>pugiauosl</strong></span> <span class='ocrx_word' id='word_1_71' title='bbox 366 871 507 930; x_wconf 81' lang='lat' dir='ltr'><strong>vexillifer</strong></span> <span class='ocrx_word' id='word_1_72' title='bbox 518 872 557 928; x_wconf 94' lang='lat' dir='ltr'><strong>de</strong></span> <span class='ocrx_word' id='word_1_73' title='bbox 571 871 800 941; x_wconf 83' lang='lat' dir='ltr'><strong>vavassoribus,</strong></span> <span class='ocrx_word' id='word_1_74' title='bbox 818 876 846 927; x_wconf 89' lang='lat' dir='ltr'><strong>et</strong></span> <span class='ocrx_word' id='word_1_75' title='bbox 871 871 1011 944; x_wconf 72' lang='lat' dir='ltr'><strong>aripran·</strong></span> <span class='ocrx_word' id='word_1_76' title='bbox 1065 871 1088 926; x_wconf 88' lang='lat' dir='ltr'><strong>si</strong></span> <span class='ocrx_word' id='word_1_77' title='bbox 1097 886 1203 945; x_wconf 87' lang='lat' dir='ltr'><strong>quoero</strong></span> <span class='ocrx_word' id='word_1_78' title='bbox 1217 872 1285 944; x_wconf 91' lang='lat' dir='ltr'><strong>quia</strong></span> <span class='ocrx_word' id='word_1_79' title='bbox 1299 871 1371 928; x_wconf 83' lang='lat' dir='ltr'><strong>duis</strong></span> <span class='ocrx_word' id='word_1_80' title='bbox 1385 871 1580 926; x_wconf 81' lang='lat' dir='ltr'><strong>(iiossulanus</strong></span> <span class='ocrx_word' id='word_1_81' title='bbox 1598 869 1626 925; x_wconf 91' lang='lat' dir='ltr'><strong>iii</strong></span> <span class='ocrx_word' id='word_1_82' title='bbox 1640 868 1793 943; x_wconf 73' lang='lat' dir='ltr'><strong>predicto</strong></span> <span class='ocrx_word' id='word_1_83' title='bbox 1808 870 1911 926; x_wconf 84' lang='lat' dir='ltr'><strong>sanct</strong></span> 
     </span>
     <span class='ocr_line' id='line_1_9' title="bbox 186 956 1911 1034; baseline -0.005 -14"><span class='ocrx_word' id='word_1_84' title='bbox 186 960 867 1034; x_wconf 83' lang='lat' dir='ltr'><strong>dusdelledacivisprudentissimusnumquam</strong></span> <span class='ocrx_word' id='word_1_85' title='bbox 876 958 1011 1033; x_wconf 88' lang='lat' dir='ltr'><strong>pluribus</strong></span> <span class='ocrx_word' id='word_1_86' title='bbox 1065 960 1150 1018; x_wconf 85' lang='lat' dir='ltr'><strong>lieret</strong></span> <span class='ocrx_word' id='word_1_87' title='bbox 1162 960 1342 1017; x_wconf 89' lang='lat' dir='ltr'><strong>monasterio</strong></span> <span class='ocrx_word' id='word_1_88' title='bbox 1356 962 1472 1015; x_wconf 89' lang='lat' dir='ltr'><strong>essetet</strong></span> <span class='ocrx_word' id='word_1_89' title='bbox 1490 958 1648 1015; x_wconf 71' lang='lat' dir='ltr'><strong>anselinus</strong></span> <span class='ocrx_word' id='word_1_90' title='bbox 1672 956 1850 1015; x_wconf 77' lang='lat' dir='ltr'><strong>Mediolani</strong></span> <span class='ocrx_word' id='word_1_91' title='bbox 1875 957 1911 1011; x_wconf 90' lang='lat' dir='ltr'><strong>in·</strong></span> 
     </span>
     <span class='ocr_line' id='line_1_10' title="bbox 186 1045 1910 1125; baseline -0.005 -17"><span class='ocrx_word' id='word_1_92' title='bbox 186 1051 325 1125; x_wconf 85' lang='lat' dir='ltr'><strong>ejusdem</strong></span> <span class='ocrx_word' id='word_1_93' title='bbox 339 1048 498 1108; x_wconf 90' lang='lat' dir='ltr'><strong>nobilitatis</strong></span> <span class='ocrx_word' id='word_1_94' title='bbox 509 1049 682 1106; x_wconf 91' lang='lat' dir='ltr'><strong>hominibus</strong></span> <span class='ocrx_word' id='word_1_95' title='bbox 693 1049 786 1107; x_wconf 88' lang='lat' dir='ltr'><strong>occisi</strong></span> <span class='ocrx_word' id='word_1_96' title='bbox 807 1052 885 1107; x_wconf 92' lang='lat' dir='ltr'><strong>sunt.</strong></span> <span class='ocrx_word' id='word_1_97' title='bbox 1065 1053 1156 1106; x_wconf 89' lang='lat' dir='ltr'><strong>staret</strong></span> <span class='ocrx_word' id='word_1_98' title='bbox 1168 1053 1197 1105; x_wconf 91' lang='lat' dir='ltr'><strong>et</strong></span> <span class='ocrx_word' id='word_1_99' title='bbox 1217 1047 1424 1121; x_wconf 78' lang='lat' dir='ltr'><strong>obligationem</strong></span> <span class='ocrx_word' id='word_1_100' title='bbox 1450 1045 1644 1106; x_wconf 79' lang='lat' dir='ltr'><strong>conveniendi</strong></span> <span class='ocrx_word' id='word_1_101' title='bbox 1659 1046 1698 1104; x_wconf 91' lang='lat' dir='ltr'><strong>ad</strong></span> <span class='ocrx_word' id='word_1_102' title='bbox 1722 1045 1910 1116; x_wconf 80' lang='lat' dir='ltr'><strong>generalem</strong></span> 
     </span>
     <span class='ocr_line' id='line_1_11' title="bbox 488 1133 1910 1214; baseline -0.004 -20"><span class='ocrx_word' id='word_1_103' title='bbox 488 1157 601 1214; x_wconf 60' lang='lat' dir='ltr'><strong>fflppq</strong></span> <span class='ocrx_word' id='word_1_104' title='bbox 612 1156 709 1213; x_wconf 57' lang='lat' dir='ltr'><strong>ggvp,</strong></span> <span class='ocrx_word' id='word_1_105' title='bbox 1065 1137 1217 1209; x_wconf 89' lang='lat' dir='ltr'><strong>synodum</strong></span> <span class='ocrx_word' id='word_1_106' title='bbox 1227 1141 1381 1211; x_wconf 79' lang='lat' dir='ltr'><strong>quaereret,</strong></span> <span class='ocrx_word' id='word_1_107' title='bbox 1402 1136 1590 1194; x_wconf 86' lang='lat' dir='ltr'><strong>etlordanus</strong></span> <span class='ocrx_word' id='word_1_108' title='bbox 1602 1136 1658 1191; x_wconf 89' lang='lat' dir='ltr'><strong>hoc</strong></span> <span class='ocrx_word' id='word_1_109' title='bbox 1671 1134 1737 1190; x_wconf 88' lang='lat' dir='ltr'><strong>fieri</strong></span> <span class='ocrx_word' id='word_1_110' title='bbox 1757 1133 1910 1208; x_wconf 84' lang='lat' dir='ltr'><strong>probibet</strong></span> 
     </span>
     <span class='ocr_line' id='line_1_12' title="bbox 186 1221 1909 1318; baseline -0.006 -13"><span class='ocrx_word' id='word_1_111' title='bbox 186 1246 265 1305; x_wconf 82' lang='lat' dir='ltr'><strong>liuto</strong></span> <span class='ocrx_word' id='word_1_112' title='bbox 276 1244 401 1318; x_wconf 55' lang='lat' dir='ltr'><strong>pecuda</strong></span> <span class='ocrx_word' id='word_1_113' title='bbox 420 1245 650 1309; x_wconf 66' lang='lat' dir='ltr'><strong>arnsteinensi</strong></span> <span class='ocrx_word' id='word_1_114' title='bbox 671 1243 802 1301; x_wconf 73' lang='lat' dir='ltr'><strong>terrimo</strong></span> <span class='ocrx_word' id='word_1_115' title='bbox 819 1244 855 1302; x_wconf 77' lang='lat' dir='ltr'><strong>cte</strong></span> <span class='ocrx_word' id='word_1_116' title='bbox 877 1243 1012 1301; x_wconf 79' lang='lat' dir='ltr'><strong>Pesterlc</strong></span> <span class='ocrx_word' id='word_1_117' title='bbox 1065 1226 1095 1296; x_wconf 73' lang='grc' dir='ltr'><strong>Γ)</strong></span> <span class='ocrx_word' id='word_1_118' title='bbox 1111 1224 1219 1282; x_wconf 62' lang='lat' dir='ltr'><strong>dicitur</strong></span> <span class='ocrx_word' id='word_1_119' title='bbox 1245 1223 1409 1281; x_wconf 66' lang='lat' dir='ltr'><strong>recfedstffl&#39;</strong></span> <span class='ocrx_word' id='word_1_120' title='bbox 1429 1224 1653 1296; x_wconf 65' lang='lat' dir='ltr'><strong>(1¹¹⁰dl)ecunia</strong></span> <span class='ocrx_word' id='word_1_121' title='bbox 1668 1222 1773 1294; x_wconf 63' lang='grc' dir='ltr'><strong>11118ίᾶ</strong></span> <span class='ocrx_word' id='word_1_122' title='bbox 1787 1227 1825 1278; x_wconf 71' lang='lat'><strong>0¹</strong></span> <span class='ocrx_word' id='word_1_123' title='bbox 1838 1221 1909 1276; x_wconf 69' lang='lat'><strong>&lt;¹³¹¹</strong></span> 
     </span>
     <span class='ocr_line' id='line_1_13' title="bbox 366 1311 1909 1402; baseline -0.005 -29"><span class='ocrx_word' id='word_1_124' title='bbox 366 1315 557 1373; x_wconf 81' lang='lat' dir='ltr'><strong>Grcssulcnus</strong></span> <span class='ocrx_word' id='word_1_125' title='bbox 569 1314 749 1372; x_wconf 71' lang='lat' dir='ltr'><strong>Placentiam</strong></span> <span class='ocrx_word' id='word_1_126' title='bbox 768 1313 850 1372; x_wconf 66' lang='lat' dir='ltr'><strong>udin.</strong></span> <span class='ocrx_word' id='word_1_127' title='bbox 1065 1313 1106 1386; x_wconf 86' lang='lat'><strong>(8)</strong></span> <span class='ocrx_word' id='word_1_128' title='bbox 1117 1313 1171 1370; x_wconf 91' lang='lat' dir='ltr'><strong>fuit</strong></span> <span class='ocrx_word' id='word_1_129' title='bbox 1184 1313 1366 1402; x_wconf 67' lang='lat' dir='ltr'><strong>Grossulano</strong></span> <span class='ocrx_word' id='word_1_130' title='bbox 1381 1317 1471 1386; x_wconf 88' lang='lat' dir='ltr'><strong>atque</strong></span> <span class='ocrx_word' id='word_1_131' title='bbox 1486 1312 1633 1378; x_wconf 72' lang='lat' dir='ltr'><strong>anselmo,</strong></span> <span class='ocrx_word' id='word_1_132' title='bbox 1645 1326 1682 1366; x_wconf 88' lang='lat' dir='ltr'><strong>ne</strong></span> <span class='ocrx_word' id='word_1_133' title='bbox 1690 1325 1837 1384; x_wconf 88' lang='lat' dir='ltr'><strong>persona</strong></span> <span class='ocrx_word' id='word_1_134' title='bbox 1848 1311 1909 1366; x_wconf 78' lang='lat' dir='ltr'><strong>Jor</strong></span> 
     </span>
     <span class='ocr_line' id='line_1_14' title="bbox 223 1399 1812 1474; baseline -0.005 -12"><span class='ocrx_word' id='word_1_135' title='bbox 223 1405 281 1462; x_wconf 86' lang='lat' dir='ltr'><strong>Sed</strong></span> <span class='ocrx_word' id='word_1_136' title='bbox 313 1419 382 1460; x_wconf 92' lang='lat' dir='ltr'><strong>cum</strong></span> <span class='ocrx_word' id='word_1_137' title='bbox 415 1401 586 1460; x_wconf 82' lang='lat' dir='ltr'><strong>Grossulani</strong></span> <span class='ocrx_word' id='word_1_138' title='bbox 632 1402 763 1461; x_wconf 79' lang='lat' dir='ltr'><strong>mention</strong></span> <span class='ocrx_word' id='word_1_139' title='bbox 796 1405 831 1473; x_wconf 84' lang='lat' dir='ltr'><strong>tl)</strong></span> <span class='ocrx_word' id='word_1_140' title='bbox 876 1400 951 1459; x_wconf 89' lang='lat' dir='ltr'><strong>foret</strong></span> <span class='ocrx_word' id='word_1_141' title='bbox 964 1418 1014 1459; x_wconf 88' lang='lat' dir='ltr'><strong>ex·</strong></span> <span class='ocrx_word' id='word_1_142' title='bbox 1066 1399 1138 1459; x_wconf 93' lang='lat' dir='ltr'><strong>dani</strong></span> <span class='ocrx_word' id='word_1_143' title='bbox 1153 1400 1498 1460; x_wconf 85' lang='lat' dir='ltr'><strong>calumniareturabillis</strong></span> <span class='ocrx_word' id='word_1_144' title='bbox 1514 1399 1545 1456; x_wconf 93' lang='lat' dir='ltr'><strong>iii</strong></span> <span class='ocrx_word' id='word_1_145' title='bbox 1560 1399 1812 1474; x_wconf 85' lang='lat' dir='ltr'><strong>aliquasynodo.</strong></span> 
     </span>
     <span class='ocr_line' id='line_1_15' title="bbox 186 1489 1597 1566; baseline -0.004 -14"><span class='ocrx_word' id='word_1_146' title='bbox 186 1492 309 1558; x_wconf 87' lang='lat' dir='ltr'><strong>hausta,</strong></span> <span class='ocrx_word' id='word_1_147' title='bbox 322 1489 483 1549; x_wconf 84' lang='lat' dir='ltr'><strong>etJordani</strong></span> <span class='ocrx_word' id='word_1_148' title='bbox 509 1489 605 1547; x_wconf 85' lang='lat' dir='ltr'><strong>adhuc</strong></span> <span class='ocrx_word' id='word_1_149' title='bbox 632 1493 756 1548; x_wconf 87' lang='lat' dir='ltr'><strong>onerata</strong></span> <span class='ocrx_word' id='word_1_150' title='bbox 783 1491 941 1549; x_wconf 83' lang='lat' dir='ltr'><strong>conventio</strong></span> <span class='ocrx_word' id='word_1_151' title='bbox 971 1489 1014 1548; x_wconf 91' lang='lat' dir='ltr'><strong>fa·</strong></span> <span class='ocrx_word' id='word_1_152' title='bbox 1352 1508 1467 1566; x_wconf 68' lang='lat' dir='ltr'><strong>cgppp</strong></span> <span class='ocrx_word' id='word_1_153' title='bbox 1483 1508 1597 1565; x_wconf 59' lang='lat' dir='ltr'><strong>mm,</strong></span> 
     </span>
     <span class='ocr_line' id='line_1_16' title="bbox 191 1579 1906 1672; baseline -0.001 -19"><span class='ocrx_word' id='word_1_154' title='bbox 191 1585 296 1639; x_wconf 72' lang='lat' dir='ltr'><strong>oiseii</strong></span> <span class='ocrx_word' id='word_1_155' title='bbox 325 1595 380 1653; x_wconf 76' lang='lat' dir='ltr'><strong>per</strong></span> <span class='ocrx_word' id='word_1_156' title='bbox 412 1579 570 1651; x_wconf 70' lang='lat' dir='ltr'><strong>pecuniam</strong></span> <span class='ocrx_word' id='word_1_157' title='bbox 603 1579 784 1636; x_wconf 79' lang='lat' dir='ltr'><strong>umssulano</strong></span> <span class='ocrx_word' id='word_1_158' title='bbox 816 1579 1012 1653; x_wconf 58' lang='lat' dir='ltr'><strong>promissae</strong></span> <span class='ocrx_word' id='word_1_159' title='bbox 1067 1599 1284 1657; x_wconf 64' lang='lat' dir='ltr'><strong>memoriosae</strong></span> <span class='ocrx_word' id='word_1_160' title='bbox 1298 1599 1478 1672; x_wconf 70' lang='lat' dir='ltr'><strong>emerituri)</strong></span> <span class='ocrx_word' id='word_1_161' title='bbox 1496 1597 1653 1669; x_wconf 62' lang='lat' dir='ltr'><strong>prosaycas</strong></span> <span class='ocrx_word' id='word_1_162' title='bbox 1677 1596 1812 1655; x_wconf 64' lang='lat' dir='ltr'><strong>umens</strong></span> <span class='ocrx_word' id='word_1_163' title='bbox 1845 1596 1906 1654; x_wconf 68' lang='grc' dir='ltr'><strong>ιιι</strong></span> 
     </span>
     <span class='ocr_line' id='line_1_17' title="bbox 188 1665 1538 1754; baseline 0 -28"><span class='ocrx_word' id='word_1_164' title='bbox 188 1668 358 1754; x_wconf 86' lang='lat' dir='ltr'><strong>quamipse</strong></span> <span class='ocrx_word' id='word_1_165' title='bbox 370 1666 580 1735; x_wconf 86' lang='lat' dir='ltr'><strong>Grossulanns,</strong></span> <span class='ocrx_word' id='word_1_166' title='bbox 592 1670 682 1739; x_wconf 90' lang='lat' dir='ltr'><strong>proiit</strong></span> <span class='ocrx_word' id='word_1_167' title='bbox 708 1665 826 1734; x_wconf 90' lang='lat' dir='ltr'><strong>dicitur,</strong></span> <span class='ocrx_word' id='word_1_168' title='bbox 857 1684 925 1725; x_wconf 92' lang='lat' dir='ltr'><strong>cum</strong></span> <span class='ocrx_word' id='word_1_169' title='bbox 950 1667 1051 1739; x_wconf 75' lang='lat' dir='ltr'><strong>suisg</strong></span> <span class='ocrx_word' id='word_1_170' title='bbox 1423 1671 1538 1727; x_wconf 64' lang='lat' dir='ltr'><strong>meula.</strong></span> 
     </span>
     <span class='ocr_line' id='line_1_18' title="bbox 189 1755 1904 1833; baseline -0.006 -13"><span class='ocrx_word' id='word_1_171' title='bbox 189 1765 219 1821; x_wconf 89' lang='lat' dir='ltr'><strong>et</strong></span> <span class='ocrx_word' id='word_1_172' title='bbox 249 1758 424 1818; x_wconf 80' lang='lat' dir='ltr'><strong>iordanisiis</strong></span> <span class='ocrx_word' id='word_1_173' title='bbox 453 1757 653 1831; x_wconf 76' lang='lat' dir='ltr'><strong>participavit,</strong></span> <span class='ocrx_word' id='word_1_174' title='bbox 686 1762 715 1816; x_wconf 89' lang='lat' dir='ltr'><strong>et</strong></span> <span class='ocrx_word' id='word_1_175' title='bbox 751 1758 831 1817; x_wconf 86' lang='lat' dir='ltr'><strong>facta</strong></span> <span class='ocrx_word' id='word_1_176' title='bbox 855 1758 1014 1833; x_wconf 90' lang='lat' dir='ltr'><strong>participa·</strong></span> <span class='ocrx_word' id='word_1_177' title='bbox 1102 1758 1193 1831; x_wconf 86' lang='lat' dir='ltr'><strong>Igitur</strong></span> <span class='ocrx_word' id='word_1_178' title='bbox 1204 1758 1262 1816; x_wconf 88' lang='lat' dir='ltr'><strong>hac</strong></span> <span class='ocrx_word' id='word_1_179' title='bbox 1274 1758 1414 1816; x_wconf 88' lang='lat' dir='ltr'><strong>cautione</strong></span> <span class='ocrx_word' id='word_1_180' title='bbox 1440 1758 1479 1830; x_wconf 76' lang='lat' dir='ltr'><strong>(t)</strong></span> <span class='ocrx_word' id='word_1_181' title='bbox 1505 1756 1581 1813; x_wconf 87' lang='lat' dir='ltr'><strong>facta</strong></span> <span class='ocrx_word' id='word_1_182' title='bbox 1604 1771 1659 1829; x_wconf 89' lang='lat' dir='ltr'><strong>pei·</strong></span> <span class='ocrx_word' id='word_1_183' title='bbox 1685 1755 1904 1829; x_wconf 84' lang='lat' dir='ltr'><strong>presbyterum</strong></span> 
     </span>
     <span class='ocr_line' id='line_1_19' title="bbox 189 1842 1903 1919; baseline -0.002 -11"><span class='ocrx_word' id='word_1_184' title='bbox 189 1850 278 1915; x_wconf 88' lang='lat' dir='ltr'><strong>tione,</strong></span> <span class='ocrx_word' id='word_1_185' title='bbox 295 1848 493 1905; x_wconf 87' lang='lat' dir='ltr'><strong>Grossulaiius</strong></span> <span class='ocrx_word' id='word_1_186' title='bbox 519 1846 719 1905; x_wconf 90' lang='lat' dir='ltr'><strong>llediolanum</strong></span> <span class='ocrx_word' id='word_1_187' title='bbox 732 1847 831 1914; x_wconf 85' lang='lat' dir='ltr'><strong>exivit,</strong></span> <span class='ocrx_word' id='word_1_188' title='bbox 848 1852 937 1919; x_wconf 89' lang='lat' dir='ltr'><strong>atque</strong></span> <span class='ocrx_word' id='word_1_189' title='bbox 950 1846 1014 1904; x_wconf 88' lang='lat' dir='ltr'><strong>Pla·</strong></span> <span class='ocrx_word' id='word_1_190' title='bbox 1067 1847 1225 1904; x_wconf 87' lang='lat' dir='ltr'><strong>Nazarium</strong></span> <span class='ocrx_word' id='word_1_191' title='bbox 1249 1845 1431 1911; x_wconf 87' lang='lat' dir='ltr'><strong>muriculam,</strong></span> <span class='ocrx_word' id='word_1_192' title='bbox 1458 1850 1487 1902; x_wconf 89' lang='lat' dir='ltr'><strong>et</strong></span> <span class='ocrx_word' id='word_1_193' title='bbox 1509 1842 1686 1901; x_wconf 78' lang='lat' dir='ltr'><strong>lafrancum</strong></span> <span class='ocrx_word' id='word_1_194' title='bbox 1715 1843 1903 1904; x_wconf 81' lang='lat' dir='ltr'><strong>Ferrarium.</strong></span> 
     </span>
     <span class='ocr_line' id='line_1_20' title="bbox 189 1931 1901 2008; baseline -0.005 -12"><span class='ocrx_word' id='word_1_195' title='bbox 189 1937 319 1996; x_wconf 90' lang='lat' dir='ltr'><strong>cantiam</strong></span> <span class='ocrx_word' id='word_1_196' title='bbox 333 1935 436 2008; x_wconf 82' lang='lat' dir='ltr'><strong>adivit,</strong></span> <span class='ocrx_word' id='word_1_197' title='bbox 450 1935 558 1993; x_wconf 85' lang='lat' dir='ltr'><strong>ibidem</strong></span> <span class='ocrx_word' id='word_1_198' title='bbox 572 1935 603 1992; x_wconf 93' lang='lat' dir='ltr'><strong>in</strong></span> <span class='ocrx_word' id='word_1_199' title='bbox 617 1937 801 1993; x_wconf 88' lang='lat' dir='ltr'><strong>monasterio</strong></span> <span class='ocrx_word' id='word_1_200' title='bbox 816 1936 914 1994; x_wconf 87' lang='lat' dir='ltr'><strong>Sancti</strong></span> <span class='ocrx_word' id='word_1_201' title='bbox 927 1935 1015 1993; x_wconf 88' lang='lat' dir='ltr'><strong>llarci</strong></span> <span class='ocrx_word' id='word_1_202' title='bbox 1068 1939 1158 2007; x_wconf 92' lang='lat' dir='ltr'><strong>prout</strong></span> <span class='ocrx_word' id='word_1_203' title='bbox 1180 1935 1289 1992; x_wconf 90' lang='lat' dir='ltr'><strong>dicitur</strong></span> <span class='ocrx_word' id='word_1_204' title='bbox 1313 1935 1444 2007; x_wconf 88' lang='lat' dir='ltr'><strong>contigit,</strong></span> <span class='ocrx_word' id='word_1_205' title='bbox 1473 1933 1551 2006; x_wconf 91' lang='lat' dir='ltr'><strong>quod</strong></span> <span class='ocrx_word' id='word_1_206' title='bbox 1578 1932 1733 2005; x_wconf 82' lang='lat' dir='ltr'><strong>presbyter</strong></span> <span class='ocrx_word' id='word_1_207' title='bbox 1762 1931 1901 1988; x_wconf 79' lang='lat' dir='ltr'><strong>Andreas</strong></span> 
     </span>
     <span class='ocr_line' id='line_1_21' title="bbox 189 2020 1902 2100; baseline -0.004 -18"><span class='ocrx_word' id='word_1_208' title='bbox 189 2024 376 2100; x_wconf 90' lang='lat' dir='ltr'><strong>qnodestde</strong></span> <span class='ocrx_word' id='word_1_209' title='bbox 397 2023 629 2095; x_wconf 73' lang='lat' dir='ltr'><strong>congregatione</strong></span> <span class='ocrx_word' id='word_1_210' title='bbox 662 2023 756 2080; x_wconf 89' lang='lat' dir='ltr'><strong>Vallis</strong></span> <span class='ocrx_word' id='word_1_211' title='bbox 777 2024 930 2081; x_wconf 83' lang='lat' dir='ltr'><strong>Umbrosis</strong></span> <span class='ocrx_word' id='word_1_212' title='bbox 944 2023 1015 2081; x_wconf 91' lang='lat' dir='ltr'><strong>lios·</strong></span> <span class='ocrx_word' id='word_1_213' title='bbox 1067 2022 1156 2080; x_wconf 73' lang='lat' dir='ltr'><strong>bonae</strong></span> <span class='ocrx_word' id='word_1_214' title='bbox 1171 2021 1320 2080; x_wconf 77' lang='lat' dir='ltr'><strong>memoriae</strong></span> <span class='ocrx_word' id='word_1_215' title='bbox 1335 2022 1517 2095; x_wconf 86' lang='lat' dir='ltr'><strong>primicerius</strong></span> <span class='ocrx_word' id='word_1_216' title='bbox 1534 2020 1608 2078; x_wconf 86' lang='lat' dir='ltr'><strong>obiit</strong></span> <span class='ocrx_word' id='word_1_217' title='bbox 1633 2020 1685 2094; x_wconf 84' lang='grc'><strong>(3),</strong></span> <span class='ocrx_word' id='word_1_218' title='bbox 1708 2020 1760 2077; x_wconf 90' lang='lat' dir='ltr'><strong>ciii</strong></span> <span class='ocrx_word' id='word_1_219' title='bbox 1795 2037 1902 2076; x_wconf 81' lang='lat' dir='ltr'><strong>succes</strong></span> 
     </span>
     <span class='ocr_line' id='line_1_22' title="bbox 188 2108 1902 2188; baseline -0.005 -18"><span class='ocrx_word' id='word_1_220' title='bbox 188 2110 604 2188; x_wconf 75' lang='lat' dir='ltr'><strong>pilatusinvenittrdericum</strong></span> <span class='ocrx_word' id='word_1_221' title='bbox 634 2110 829 2179; x_wconf 75' lang='lat' dir='ltr'><strong>laudensem,</strong></span> <span class='ocrx_word' id='word_1_222' title='bbox 858 2127 949 2184; x_wconf 89' lang='lat' dir='ltr'><strong>quem</strong></span> <span class='ocrx_word' id='word_1_223' title='bbox 971 2111 1015 2169; x_wconf 92' lang='lat' dir='ltr'><strong>fe·</strong></span> <span class='ocrx_word' id='word_1_224' title='bbox 1070 2111 1212 2169; x_wconf 89' lang='lat' dir='ltr'><strong>sitdictus</strong></span> <span class='ocrx_word' id='word_1_225' title='bbox 1227 2111 1382 2185; x_wconf 84' lang='lat' dir='ltr'><strong>presbyter</strong></span> <span class='ocrx_word' id='word_1_226' title='bbox 1402 2108 1551 2175; x_wconf 79' lang='lat' dir='ltr'><strong>lincurius,</strong></span> <span class='ocrx_word' id='word_1_227' title='bbox 1569 2110 1606 2165; x_wconf 88' lang='lat' dir='ltr'><strong>de</strong></span> <span class='ocrx_word' id='word_1_228' title='bbox 1626 2125 1688 2181; x_wconf 91' lang='lat' dir='ltr'><strong>quo</strong></span> <span class='ocrx_word' id='word_1_229' title='bbox 1703 2108 1836 2165; x_wconf 84' lang='lat' dir='ltr'><strong>Nazario</strong></span> <span class='ocrx_word' id='word_1_230' title='bbox 1862 2126 1902 2163; x_wconf 78' lang='lat' dir='ltr'><strong>su</strong></span> 
     </span>
     <span class='ocr_line' id='line_1_23' title="bbox 190 2197 1900 2273; baseline -0.004 -13"><span class='ocrx_word' id='word_1_231' title='bbox 190 2207 272 2260; x_wconf 90' lang='lat' dir='ltr'><strong>cerat</strong></span> <span class='ocrx_word' id='word_1_232' title='bbox 285 2200 341 2258; x_wconf 91' lang='lat' dir='ltr'><strong>sibi</strong></span> <span class='ocrx_word' id='word_1_233' title='bbox 359 2201 505 2258; x_wconf 87' lang='lat' dir='ltr'><strong>vicarium</strong></span> <span class='ocrx_word' id='word_1_234' title='bbox 525 2200 556 2256; x_wconf 93' lang='lat' dir='ltr'><strong>in</strong></span> <span class='ocrx_word' id='word_1_235' title='bbox 584 2200 673 2267; x_wconf 88' lang='lat' dir='ltr'><strong>victu,</strong></span> <span class='ocrx_word' id='word_1_236' title='bbox 698 2204 727 2256; x_wconf 92' lang='lat' dir='ltr'><strong>et</strong></span> <span class='ocrx_word' id='word_1_237' title='bbox 749 2203 781 2257; x_wconf 89' lang='lat' dir='ltr'><strong>tn</strong></span> <span class='ocrx_word' id='word_1_238' title='bbox 806 2200 911 2258; x_wconf 81' lang='lat' dir='ltr'><strong>vestitu</strong></span> <span class='ocrx_word' id='word_1_239' title='bbox 937 2201 1016 2273; x_wconf 89' lang='lat' dir='ltr'><strong>ejus·</strong></span> <span class='ocrx_word' id='word_1_240' title='bbox 1070 2204 1167 2273; x_wconf 82' lang='lat' dir='ltr'><strong>peresi</strong></span> <span class='ocrx_word' id='word_1_241' title='bbox 1193 2199 1293 2257; x_wconf 88' lang='lat' dir='ltr'><strong>adhuc</strong></span> <span class='ocrx_word' id='word_1_242' title='bbox 1320 2199 1389 2256; x_wconf 90' lang='lat' dir='ltr'><strong>mihi</strong></span> <span class='ocrx_word' id='word_1_243' title='bbox 1420 2198 1553 2271; x_wconf 81' lang='lat' dir='ltr'><strong>quadam</strong></span> <span class='ocrx_word' id='word_1_244' title='bbox 1582 2197 1710 2255; x_wconf 88' lang='lat' dir='ltr'><strong>scribere</strong></span> <span class='ocrx_word' id='word_1_245' title='bbox 1742 2198 1841 2253; x_wconf 92' lang='lat' dir='ltr'><strong>veluti</strong></span> <span class='ocrx_word' id='word_1_246' title='bbox 1867 2199 1900 2253; x_wconf 89' lang='lat' dir='ltr'><strong>de</strong></span> 
     </span>
     <span class='ocr_line' id='line_1_24' title="bbox 191 2285 1900 2362; baseline -0.004 -16"><span class='ocrx_word' id='word_1_247' title='bbox 191 2288 262 2346; x_wconf 86' lang='lat' dir='ltr'><strong>dem</strong></span> <span class='ocrx_word' id='word_1_248' title='bbox 277 2286 517 2359; x_wconf 87' lang='lat' dir='ltr'><strong>congregationis</strong></span> <span class='ocrx_word' id='word_1_249' title='bbox 547 2287 741 2343; x_wconf 87' lang='lat' dir='ltr'><strong>monachum.</strong></span> <span class='ocrx_word' id='word_1_250' title='bbox 772 2286 851 2344; x_wconf 76' lang='lat' dir='ltr'><strong>Alter</strong></span> <span class='ocrx_word' id='word_1_251' title='bbox 876 2303 946 2344; x_wconf 89' lang='lat' dir='ltr'><strong>vero</strong></span> <span class='ocrx_word' id='word_1_252' title='bbox 968 2289 1017 2343; x_wconf 83' lang='lat' dir='ltr'><strong>Ar·</strong></span> <span class='ocrx_word' id='word_1_253' title='bbox 1070 2288 1192 2346; x_wconf 89' lang='lat' dir='ltr'><strong>bomine</strong></span> <span class='ocrx_word' id='word_1_254' title='bbox 1212 2288 1264 2362; x_wconf 92' lang='lat' dir='ltr'><strong>qui</strong></span> <span class='ocrx_word' id='word_1_255' title='bbox 1289 2288 1376 2361; x_wconf 89' lang='lat' dir='ltr'><strong>quasi</strong></span> <span class='ocrx_word' id='word_1_256' title='bbox 1408 2293 1588 2352; x_wconf 76' lang='lat' dir='ltr'><strong>coetaneus,</strong></span> <span class='ocrx_word' id='word_1_257' title='bbox 1613 2292 1642 2342; x_wconf 91' lang='lat' dir='ltr'><strong>et</strong></span> <span class='ocrx_word' id='word_1_258' title='bbox 1669 2285 1900 2358; x_wconf 81' lang='lat' dir='ltr'><strong>condiscipulus</strong></span> 
     </span>
     <span class='ocr_line' id='line_1_25' title="bbox 191 2373 1900 2447; baseline -0.003 -14"><span class='ocrx_word' id='word_1_259' title='bbox 191 2375 310 2433; x_wconf 89' lang='lat' dir='ltr'><strong>derieus</strong></span> <span class='ocrx_word' id='word_1_260' title='bbox 325 2376 362 2432; x_wconf 89' lang='lat' dir='ltr'><strong>de</strong></span> <span class='ocrx_word' id='word_1_261' title='bbox 373 2373 521 2432; x_wconf 75' lang='lat' dir='ltr'><strong>carimate</strong></span> <span class='ocrx_word' id='word_1_262' title='bbox 534 2373 583 2447; x_wconf 93' lang='lat' dir='ltr'><strong>qui</strong></span> <span class='ocrx_word' id='word_1_263' title='bbox 596 2373 746 2431; x_wconf 86' lang='lat' dir='ltr'><strong>licentiam</strong></span> <span class='ocrx_word' id='word_1_264' title='bbox 766 2373 885 2446; x_wconf 87' lang='lat' dir='ltr'><strong>jurandi</strong></span> <span class='ocrx_word' id='word_1_265' title='bbox 906 2373 945 2432; x_wconf 90' lang='lat' dir='ltr'><strong>ab</strong></span> <span class='ocrx_word' id='word_1_266' title='bbox 959 2374 1018 2434; x_wconf 90' lang='lat' dir='ltr'><strong>lsto</strong></span> <span class='ocrx_word' id='word_1_267' title='bbox 1072 2375 1296 2434; x_wconf 87' lang='lat' dir='ltr'><strong>exstititmecum</strong></span> <span class='ocrx_word' id='word_1_268' title='bbox 1310 2374 1412 2432; x_wconf 84' lang='lat' dir='ltr'><strong>inune</strong></span> <span class='ocrx_word' id='word_1_269' title='bbox 1431 2375 1590 2443; x_wconf 84' lang='lat' dir='ltr'><strong>vicinitate,</strong></span> <span class='ocrx_word' id='word_1_270' title='bbox 1622 2378 1650 2429; x_wconf 89' lang='lat' dir='ltr'><strong>et</strong></span> <span class='ocrx_word' id='word_1_271' title='bbox 1673 2373 1900 2446; x_wconf 78' lang='lat' dir='ltr'><strong>subdisciplina</strong></span> 
     </span>
     <span class='ocr_line' id='line_1_26' title="bbox 193 2461 1898 2538; baseline -0.003 -17"><span class='ocrx_word' id='word_1_272' title='bbox 193 2479 263 2521; x_wconf 92' lang='lat' dir='ltr'><strong>cum</strong></span> <span class='ocrx_word' id='word_1_273' title='bbox 277 2466 355 2520; x_wconf 89' lang='lat' dir='ltr'><strong>esset</strong></span> <span class='ocrx_word' id='word_1_274' title='bbox 363 2461 491 2520; x_wconf 89' lang='lat' dir='ltr'><strong>vicarius</strong></span> <span class='ocrx_word' id='word_1_275' title='bbox 506 2461 649 2534; x_wconf 91' lang='lat' dir='ltr'><strong>suscepit,</strong></span> <span class='ocrx_word' id='word_1_276' title='bbox 663 2468 692 2519; x_wconf 92' lang='lat' dir='ltr'><strong>et</strong></span> <span class='ocrx_word' id='word_1_277' title='bbox 704 2463 862 2521; x_wconf 86' lang='lat' dir='ltr'><strong>occasione</strong></span> <span class='ocrx_word' id='word_1_278' title='bbox 875 2462 954 2520; x_wconf 90' lang='lat' dir='ltr'><strong>illius</strong></span> <span class='ocrx_word' id='word_1_279' title='bbox 968 2463 1018 2537; x_wconf 84' lang='lat' dir='ltr'><strong>ju·</strong></span> <span class='ocrx_word' id='word_1_280' title='bbox 1071 2464 1160 2537; x_wconf 83' lang='lat' dir='ltr'><strong>hujus</strong></span> <span class='ocrx_word' id='word_1_281' title='bbox 1168 2463 1342 2538; x_wconf 87' lang='lat' dir='ltr'><strong>presbyterii</strong></span> <span class='ocrx_word' id='word_1_282' title='bbox 1356 2463 1545 2535; x_wconf 64' lang='lat' dir='ltr'><strong>andreaequi</strong></span> <span class='ocrx_word' id='word_1_283' title='bbox 1558 2462 1715 2519; x_wconf 88' lang='lat' dir='ltr'><strong>dictusluit</strong></span> <span class='ocrx_word' id='word_1_284' title='bbox 1730 2462 1898 2518; x_wconf 83' lang='lat' dir='ltr'><strong>Dalvnltnm</strong></span> 
     </span>
     <span class='ocr_line' id='line_1_27' title="bbox 192 2549 1898 2623; baseline -0.003 -14"><span class='ocrx_word' id='word_1_285' title='bbox 192 2552 315 2610; x_wconf 89' lang='lat' dir='ltr'><strong>ranienti</strong></span> <span class='ocrx_word' id='word_1_286' title='bbox 341 2551 517 2608; x_wconf 78' lang='lat' dir='ltr'><strong>sententiam</strong></span> <span class='ocrx_word' id='word_1_287' title='bbox 540 2551 572 2606; x_wconf 92' lang='lat' dir='ltr'><strong>in</strong></span> <span class='ocrx_word' id='word_1_288' title='bbox 598 2549 812 2608; x_wconf 87' lang='lat' dir='ltr'><strong>Grossulanum</strong></span> <span class='ocrx_word' id='word_1_289' title='bbox 837 2551 929 2619; x_wconf 87' lang='lat' dir='ltr'><strong>dedit,</strong></span> <span class='ocrx_word' id='word_1_290' title='bbox 957 2555 1019 2609; x_wconf 85' lang='lat' dir='ltr'><strong>lor·</strong></span> <span class='ocrx_word' id='word_1_291' title='bbox 1073 2551 1898 2623; x_wconf 85' lang='lat' dir='ltr'><strong>secundumsuamcognationem.lsteltaqueNazariiu</strong></span> 
     </span>
     <span class='ocr_line' id='line_1_28' title="bbox 192 2637 1897 2711; baseline -0.001 -15"><span class='ocrx_word' id='word_1_292' title='bbox 192 2637 609 2711; x_wconf 85' lang='lat' dir='ltr'><strong>danuminurchiepiscopnm</strong></span> <span class='ocrx_word' id='word_1_293' title='bbox 620 2637 716 2710; x_wconf 84' lang='lat' dir='ltr'><strong>elegit,</strong></span> <span class='ocrx_word' id='word_1_294' title='bbox 728 2639 901 2697; x_wconf 87' lang='lat' dir='ltr'><strong>Grossulani</strong></span> <span class='ocrx_word' id='word_1_295' title='bbox 911 2641 1018 2696; x_wconf 82' lang='lat' dir='ltr'><strong>adven·</strong></span> <span class='ocrx_word' id='word_1_296' title='bbox 1072 2658 1141 2697; x_wconf 90' lang='lat' dir='ltr'><strong>cnm</strong></span> <span class='ocrx_word' id='word_1_297' title='bbox 1152 2646 1229 2697; x_wconf 89' lang='lat' dir='ltr'><strong>esset</strong></span> <span class='ocrx_word' id='word_1_298' title='bbox 1238 2639 1314 2697; x_wconf 87' lang='lat' dir='ltr'><strong>infra</strong></span> <span class='ocrx_word' id='word_1_299' title='bbox 1328 2639 1449 2696; x_wconf 87' lang='lat' dir='ltr'><strong>ordines</strong></span> <span class='ocrx_word' id='word_1_300' title='bbox 1462 2638 1596 2704; x_wconf 83' lang='lat' dir='ltr'><strong>clericus,</strong></span> <span class='ocrx_word' id='word_1_301' title='bbox 1611 2643 1639 2694; x_wconf 91' lang='lat' dir='ltr'><strong>et</strong></span> <span class='ocrx_word' id='word_1_302' title='bbox 1646 2639 1772 2711; x_wconf 87' lang='lat' dir='ltr'><strong>juvenis</strong></span> <span class='ocrx_word' id='word_1_303' title='bbox 1783 2639 1897 2710; x_wconf 89' lang='lat' dir='ltr'><strong>ingenio</strong></span> 
     </span>
     <span class='ocr_line' id='line_1_29' title="bbox 192 2724 1896 2801; baseline -0.001 -16"><span class='ocrx_word' id='word_1_304' title='bbox 192 2732 258 2786; x_wconf 89' lang='lat' dir='ltr'><strong>tum</strong></span> <span class='ocrx_word' id='word_1_305' title='bbox 268 2725 518 2800; x_wconf 88' lang='lat' dir='ltr'><strong>nonexspectavit</strong></span> <span class='ocrx_word' id='word_1_306' title='bbox 530 2724 1019 2786; x_wconf 82' lang='lat' dir='ltr'><strong>sedcircuienstransmarinaloca</strong></span> <span class='ocrx_word' id='word_1_307' title='bbox 1073 2728 1257 2786; x_wconf 90' lang='lat' dir='ltr'><strong>acutissimus</strong></span> <span class='ocrx_word' id='word_1_308' title='bbox 1267 2743 1328 2784; x_wconf 92' lang='lat' dir='ltr'><strong>non</strong></span> <span class='ocrx_word' id='word_1_309' title='bbox 1343 2728 1406 2783; x_wconf 85' lang='lat' dir='ltr'><strong>eine</strong></span> <span class='ocrx_word' id='word_1_310' title='bbox 1421 2742 1513 2784; x_wconf 89' lang='lat' dir='ltr'><strong>causa</strong></span> <span class='ocrx_word' id='word_1_311' title='bbox 1530 2727 1602 2783; x_wconf 92' lang='lat' dir='ltr'><strong>inihi</strong></span> <span class='ocrx_word' id='word_1_312' title='bbox 1614 2726 1766 2783; x_wconf 86' lang='lat' dir='ltr'><strong>infantulo</strong></span> <span class='ocrx_word' id='word_1_313' title='bbox 1793 2727 1896 2801; x_wconf 84' lang='lat' dir='ltr'><strong>adjecit</strong></span> 
     </span>
     <span class='ocr_line' id='line_1_30' title="bbox 192 2812 1897 2891; baseline -0.001 -17"><span class='ocrx_word' id='word_1_314' title='bbox 192 2815 330 2874; x_wconf 85' lang='lat' dir='ltr'><strong>inventus</strong></span> <span class='ocrx_word' id='word_1_315' title='bbox 342 2813 532 2887; x_wconf 86' lang='lat' dir='ltr'><strong>etjugulatus</strong></span> <span class='ocrx_word' id='word_1_316' title='bbox 546 2818 591 2871; x_wconf 90' lang='lat' dir='ltr'><strong>est</strong></span> <span class='ocrx_word' id='word_1_317' title='bbox 605 2814 744 2872; x_wconf 85' lang='lat' dir='ltr'><strong>aTurcis.</strong></span> <span class='ocrx_word' id='word_1_318' title='bbox 761 2814 921 2874; x_wconf 83' lang='lat' dir='ltr'><strong>Sciendum</strong></span> <span class='ocrx_word' id='word_1_319' title='bbox 942 2832 1018 2891; x_wconf 91' lang='lat' dir='ltr'><strong>quo·</strong></span> <span class='ocrx_word' id='word_1_320' title='bbox 1072 2832 1195 2886; x_wconf 91' lang='lat' dir='ltr'><strong>nomen,</strong></span> <span class='ocrx_word' id='word_1_321' title='bbox 1211 2816 1320 2873; x_wconf 88' lang='lat' dir='ltr'><strong>scilicet</strong></span> <span class='ocrx_word' id='word_1_322' title='bbox 1333 2815 1451 2872; x_wconf 87' lang='lat' dir='ltr'><strong>Clocam</strong></span> <span class='ocrx_word' id='word_1_323' title='bbox 1474 2814 1513 2887; x_wconf 82' lang='lat' dir='ltr'><strong>(l)</strong></span> <span class='ocrx_word' id='word_1_324' title='bbox 1538 2812 1640 2873; x_wconf 87' lang='lat' dir='ltr'><strong>Sancti</strong></span> <span class='ocrx_word' id='word_1_325' title='bbox 1663 2814 1754 2871; x_wconf 87' lang='lat' dir='ltr'><strong>Pauli.</strong></span> <span class='ocrx_word' id='word_1_326' title='bbox 1782 2820 1897 2888; x_wconf 83' lang='lat' dir='ltr'><strong>insuper</strong></span> 
     </span>
     <span class='ocr_line' id='line_1_31' title="bbox 193 2901 1890 2979; baseline 0 -19"><span class='ocrx_word' id='word_1_327' title='bbox 193 2901 591 2977; x_wconf 86' lang='lat' dir='ltr'><strong>qaeestquodGrossulano,</strong></span> <span class='ocrx_word' id='word_1_328' title='bbox 608 2907 636 2959; x_wconf 88' lang='lat' dir='ltr'><strong>et</strong></span> <span class='ocrx_word' id='word_1_329' title='bbox 647 2903 775 2960; x_wconf 85' lang='lat' dir='ltr'><strong>Jordaiio</strong></span> <span class='ocrx_word' id='word_1_330' title='bbox 798 2903 941 2961; x_wconf 87' lang='lat' dir='ltr'><strong>existente</strong></span> <span class='ocrx_word' id='word_1_331' title='bbox 963 2919 1017 2961; x_wconf 90' lang='lat' dir='ltr'><strong>au·</strong></span> <span class='ocrx_word' id='word_1_332' title='bbox 1073 2906 1137 2979; x_wconf 87' lang='lat' dir='ltr'><strong>ipse</strong></span> <span class='ocrx_word' id='word_1_333' title='bbox 1150 2906 1221 2961; x_wconf 92' lang='lat' dir='ltr'><strong>dum</strong></span> <span class='ocrx_word' id='word_1_334' title='bbox 1236 2904 1424 2976; x_wconf 86' lang='lat' dir='ltr'><strong>singulariter</strong></span> <span class='ocrx_word' id='word_1_335' title='bbox 1436 2902 1732 2960; x_wconf 87' lang='lat' dir='ltr'><strong>babitaretsolarium</strong></span> <span class='ocrx_word' id='word_1_336' title='bbox 1748 2905 1890 2975; x_wconf 71' lang='lat' dir='ltr'><strong>(sterium,</strong></span> 
     </span>
     <span class='ocr_line' id='line_1_32' title="bbox 194 2989 1896 3067; baseline -0.001 -17"><span class='ocrx_word' id='word_1_337' title='bbox 194 2996 274 3050; x_wconf 85' lang='lat' dir='ltr'><strong>cloia</strong></span> <span class='ocrx_word' id='word_1_338' title='bbox 288 2989 598 3064; x_wconf 74' lang='lat' dir='ltr'><strong>(tillediolanensium</strong></span> <span class='ocrx_word' id='word_1_339' title='bbox 611 2990 802 3063; x_wconf 89' lang='lat' dir='ltr'><strong>pergratiam</strong></span> <span class='ocrx_word' id='word_1_340' title='bbox 831 2991 940 3049; x_wconf 86' lang='lat' dir='ltr'><strong>domini</strong></span> <span class='ocrx_word' id='word_1_341' title='bbox 965 2995 1019 3050; x_wconf 83' lang='lat' dir='ltr'><strong>Pa·</strong></span> <span class='ocrx_word' id='word_1_342' title='bbox 1073 3010 1127 3063; x_wconf 89' lang='lat' dir='ltr'><strong>uie,</strong></span> <span class='ocrx_word' id='word_1_343' title='bbox 1143 3000 1171 3051; x_wconf 91' lang='lat' dir='ltr'><strong>et</strong></span> <span class='ocrx_word' id='word_1_344' title='bbox 1184 2992 1331 3051; x_wconf 90' lang='lat' dir='ltr'><strong>rusticum</strong></span> <span class='ocrx_word' id='word_1_345' title='bbox 1345 2992 1541 3050; x_wconf 88' lang='lat' dir='ltr'><strong>Gemmarum</strong></span> <span class='ocrx_word' id='word_1_346' title='bbox 1565 2991 1628 3048; x_wconf 90' lang='lat' dir='ltr'><strong>sive</strong></span> <span class='ocrx_word' id='word_1_347' title='bbox 1656 2993 1791 3050; x_wconf 90' lang='lat' dir='ltr'><strong>Caecum</strong></span> <span class='ocrx_word' id='word_1_348' title='bbox 1817 2999 1896 3067; x_wconf 88' lang='lat' dir='ltr'><strong>atque</strong></span> 
     </span>
     <span class='ocr_line' id='line_1_33' title="bbox 194 3078 1894 3154; baseline 0.001 -17"><span class='ocrx_word' id='word_1_349' title='bbox 194 3079 303 3137; x_wconf 87' lang='lat' dir='ltr'><strong>echalis</strong></span> <span class='ocrx_word' id='word_1_350' title='bbox 318 3095 403 3152; x_wconf 81' lang='lat' dir='ltr'><strong>papia</strong></span> <span class='ocrx_word' id='word_1_351' title='bbox 415 3080 449 3148; x_wconf 84' lang='lat'><strong>11,</strong></span> <span class='ocrx_word' id='word_1_352' title='bbox 458 3079 555 3136; x_wconf 89' lang='lat' dir='ltr'><strong>clerus</strong></span> <span class='ocrx_word' id='word_1_353' title='bbox 568 3085 598 3135; x_wconf 90' lang='lat' dir='ltr'><strong>et</strong></span> <span class='ocrx_word' id='word_1_354' title='bbox 609 3078 739 3152; x_wconf 90' lang='lat' dir='ltr'><strong>populus</strong></span> <span class='ocrx_word' id='word_1_355' title='bbox 754 3080 1020 3139; x_wconf 78' lang='lat' dir='ltr'><strong>Mediolannatura</strong></span> <span class='ocrx_word' id='word_1_356' title='bbox 1073 3082 1229 3140; x_wconf 87' lang='lat' dir='ltr'><strong>Nazarium</strong></span> <span class='ocrx_word' id='word_1_357' title='bbox 1246 3081 1458 3154; x_wconf 87' lang='lat' dir='ltr'><strong>Flotamsuper</strong></span> <span class='ocrx_word' id='word_1_358' title='bbox 1476 3081 1576 3153; x_wconf 91' lang='lat' dir='ltr'><strong>ipsum</strong></span> <span class='ocrx_word' id='word_1_359' title='bbox 1603 3080 1750 3137; x_wconf 89' lang='lat' dir='ltr'><strong>solarium</strong></span> <span class='ocrx_word' id='word_1_360' title='bbox 1771 3081 1894 3148; x_wconf 80' lang='lat' dir='ltr'><strong>induxit,</strong></span> 
     </span>
     <span class='ocr_line' id='line_1_34' title="bbox 193 3167 1897 3243; baseline 0.001 -17"><span class='ocrx_word' id='word_1_361' title='bbox 193 3167 305 3226; x_wconf 87' lang='lat' dir='ltr'><strong>nobilis</strong></span> <span class='ocrx_word' id='word_1_362' title='bbox 325 3172 354 3225; x_wconf 92' lang='lat' dir='ltr'><strong>et</strong></span> <span class='ocrx_word' id='word_1_363' title='bbox 372 3167 530 3240; x_wconf 86' lang='lat' dir='ltr'><strong>religiosus</strong></span> <span class='ocrx_word' id='word_1_364' title='bbox 552 3168 584 3224; x_wconf 94' lang='lat' dir='ltr'><strong>in</strong></span> <span class='ocrx_word' id='word_1_365' title='bbox 607 3173 733 3243; x_wconf 89' lang='lat' dir='ltr'><strong>utraque</strong></span> <span class='ocrx_word' id='word_1_366' title='bbox 761 3174 845 3242; x_wconf 89' lang='lat' dir='ltr'><strong>parte</strong></span> <span class='ocrx_word' id='word_1_367' title='bbox 868 3185 930 3226; x_wconf 93' lang='lat' dir='ltr'><strong>non</strong></span> <span class='ocrx_word' id='word_1_368' title='bbox 955 3170 1020 3228; x_wconf 91' lang='lat' dir='ltr'><strong>sine</strong></span> <span class='ocrx_word' id='word_1_369' title='bbox 1074 3176 1164 3242; x_wconf 91' lang='lat' dir='ltr'><strong>atque</strong></span> <span class='ocrx_word' id='word_1_370' title='bbox 1178 3171 1216 3227; x_wconf 88' lang='lat' dir='ltr'><strong>de</strong></span> <span class='ocrx_word' id='word_1_371' title='bbox 1228 3170 1339 3241; x_wconf 88' lang='lat' dir='ltr'><strong>nuptiis</strong></span> <span class='ocrx_word' id='word_1_372' title='bbox 1354 3168 1452 3227; x_wconf 87' lang='lat' dir='ltr'><strong>fratris</strong></span> <span class='ocrx_word' id='word_1_373' title='bbox 1465 3169 1509 3225; x_wconf 91' lang='lat' dir='ltr'><strong>sui</strong></span> <span class='ocrx_word' id='word_1_374' title='bbox 1524 3184 1617 3225; x_wconf 86' lang='lat' dir='ltr'><strong>suave</strong></span> <span class='ocrx_word' id='word_1_375' title='bbox 1639 3173 1668 3225; x_wconf 90' lang='lat' dir='ltr'><strong>et</strong></span> <span class='ocrx_word' id='word_1_376' title='bbox 1691 3169 1783 3225; x_wconf 90' lang='lat' dir='ltr'><strong>dulce</strong></span> <span class='ocrx_word' id='word_1_377' title='bbox 1821 3170 1897 3227; x_wconf 77' lang='lat' dir='ltr'><strong>obse</strong></span> 
     </span>
     <span class='ocr_line' id='line_1_35' title="bbox 193 3255 1896 3331; baseline -0.001 -17"><span class='ocrx_word' id='word_1_378' title='bbox 193 3271 287 3315; x_wconf 85' lang='lat' dir='ltr'><strong>caiisa</strong></span> <span class='ocrx_word' id='word_1_379' title='bbox 300 3255 499 3323; x_wconf 88' lang='lat' dir='ltr'><strong>diciturlevis‚</strong></span> <span class='ocrx_word' id='word_1_380' title='bbox 515 3259 545 3313; x_wconf 93' lang='lat' dir='ltr'><strong>et</strong></span> <span class='ocrx_word' id='word_1_381' title='bbox 556 3271 664 3325; x_wconf 88' lang='lat' dir='ltr'><strong>vanus,</strong></span> <span class='ocrx_word' id='word_1_382' title='bbox 682 3256 721 3313; x_wconf 89' lang='lat' dir='ltr'><strong>ad</strong></span> <span class='ocrx_word' id='word_1_383' title='bbox 748 3256 903 3329; x_wconf 85' lang='lat' dir='ltr'><strong>cujuslibet</strong></span> <span class='ocrx_word' id='word_1_384' title='bbox 926 3274 946 3314; x_wconf 94' lang='lat' dir='ltr'><strong>n</strong></span> <span class='ocrx_word' id='word_1_385' title='bbox 959 3258 1021 3316; x_wconf 90' lang='lat' dir='ltr'><strong>ovi-</strong></span> <span class='ocrx_word' id='word_1_386' title='bbox 1074 3259 1159 3315; x_wconf 90' lang='lat' dir='ltr'><strong>nium</strong></span> <span class='ocrx_word' id='word_1_387' title='bbox 1173 3257 1392 3330; x_wconf 81' lang='lat' dir='ltr'><strong>nobispiaebuit</strong></span> <span class='ocrx_word' id='word_1_388' title='bbox 1407 3256 1729 3329; x_wconf 83' lang='lat' dir='ltr'><strong>ubiperprarcedcntia</strong></span> <span class='ocrx_word' id='word_1_389' title='bbox 1742 3262 1774 3313; x_wconf 86' lang='lat' dir='ltr'><strong>el</strong></span> <span class='ocrx_word' id='word_1_390' title='bbox 1784 3273 1896 3331; x_wconf 83' lang='lat' dir='ltr'><strong>sequen</strong></span> 
     </span>
     <span class='ocr_line' id='line_1_36' title="bbox 194 3344 1893 3419; baseline -0.001 -18"><span class='ocrx_word' id='word_1_391' title='bbox 194 3345 528 3417; x_wconf 82' lang='lat' dir='ltr'><strong>tuosprasumptionsm</strong></span> <span class='ocrx_word' id='word_1_392' title='bbox 547 3349 711 3416; x_wconf 89' lang='lat' dir='ltr'><strong>promptus.</strong></span> <span class='ocrx_word' id='word_1_393' title='bbox 731 3345 822 3416; x_wconf 87' lang='lat' dir='ltr'><strong>Cujus</strong></span> <span class='ocrx_word' id='word_1_394' title='bbox 845 3345 925 3401; x_wconf 89' lang='lat' dir='ltr'><strong>enim</strong></span> <span class='ocrx_word' id='word_1_395' title='bbox 955 3345 1022 3402; x_wconf 85' lang='lat' dir='ltr'><strong>reli·</strong></span> <span class='ocrx_word' id='word_1_396' title='bbox 1075 3351 1116 3403; x_wconf 90' lang='lat' dir='ltr'><strong>tta</strong></span> <span class='ocrx_word' id='word_1_397' title='bbox 1126 3363 1191 3419; x_wconf 83' lang='lat' dir='ltr'><strong>quae</strong></span> <span class='ocrx_word' id='word_1_398' title='bbox 1205 3346 1243 3403; x_wconf 94' lang='lat' dir='ltr'><strong>de</strong></span> <span class='ocrx_word' id='word_1_399' title='bbox 1256 3345 1333 3403; x_wconf 84' lang='lat' dir='ltr'><strong>libro</strong></span> <span class='ocrx_word' id='word_1_400' title='bbox 1347 3344 1448 3402; x_wconf 87' lang='lat' dir='ltr'><strong>cordis</strong></span> <span class='ocrx_word' id='word_1_401' title='bbox 1471 3346 1537 3416; x_wconf 89' lang='lat' dir='ltr'><strong>ejus</strong></span> <span class='ocrx_word' id='word_1_402' title='bbox 1570 3345 1629 3417; x_wconf 85' lang='lat' dir='ltr'><strong>legi</strong></span> <span class='ocrx_word' id='word_1_403' title='bbox 1658 3344 1740 3401; x_wconf 86' lang='lat' dir='ltr'><strong>illius</strong></span> <span class='ocrx_word' id='word_1_404' title='bbox 1770 3348 1893 3403; x_wconf 88' lang='lat' dir='ltr'><strong>animun</strong></span> 
     </span>
     <span class='ocr_line' id='line_1_37' title="bbox 196 3429 1893 3507; baseline 0.001 -20"><span class='ocrx_word' id='word_1_405' title='bbox 196 3431 305 3502; x_wconf 87' lang='lat' dir='ltr'><strong>gloriis,</strong></span> <span class='ocrx_word' id='word_1_406' title='bbox 316 3429 480 3486; x_wconf 88' lang='lat' dir='ltr'><strong>nobilitatis</strong></span> <span class='ocrx_word' id='word_1_407' title='bbox 487 3430 541 3487; x_wconf 88' lang='lat' dir='ltr'><strong>luit</strong></span> <span class='ocrx_word' id='word_1_408' title='bbox 553 3430 601 3487; x_wconf 91' lang='lat' dir='ltr'><strong>ille</strong></span> <span class='ocrx_word' id='word_1_409' title='bbox 616 3430 1022 3503; x_wconf 80' lang='lat' dir='ltr'><strong>spiritusquimonuitlorda-</strong></span> <span class='ocrx_word' id='word_1_410' title='bbox 1075 3434 1197 3506; x_wconf 78' lang='lat' dir='ltr'><strong>praevidi</strong></span> <span class='ocrx_word' id='word_1_411' title='bbox 1211 3449 1273 3490; x_wconf 91' lang='lat' dir='ltr'><strong>non</strong></span> <span class='ocrx_word' id='word_1_412' title='bbox 1285 3434 1382 3504; x_wconf 65' lang='lat' dir='ltr'><strong>magu</strong></span> <span class='ocrx_word' id='word_1_413' title='bbox 1392 3437 1532 3507; x_wconf 88' lang='lat' dir='ltr'><strong>appetere</strong></span> <span class='ocrx_word' id='word_1_414' title='bbox 1550 3439 1661 3490; x_wconf 77' lang='lat' dir='ltr'><strong>sancta</strong></span> <span class='ocrx_word' id='word_1_415' title='bbox 1673 3434 1893 3491; x_wconf 75' lang='lat' dir='ltr'><strong>Mediolanensis</strong></span> 
     </span>
     <span class='ocr_line' id='line_1_38' title="bbox 194 3517 1893 3594; baseline 0.002 -18"><span class='ocrx_word' id='word_1_416' title='bbox 194 3533 282 3582; x_wconf 85' lang='lat' dir='ltr'><strong>num,</strong></span> <span class='ocrx_word' id='word_1_417' title='bbox 293 3517 465 3590; x_wconf 89' lang='lat' dir='ltr'><strong>clerumque</strong></span> <span class='ocrx_word' id='word_1_418' title='bbox 478 3533 567 3574; x_wconf 92' lang='lat' dir='ltr'><strong>snum</strong></span> <span class='ocrx_word' id='word_1_419' title='bbox 579 3521 607 3576; x_wconf 91' lang='lat' dir='ltr'><strong>et</strong></span> <span class='ocrx_word' id='word_1_420' title='bbox 616 3517 758 3591; x_wconf 89' lang='lat' dir='ltr'><strong>populum</strong></span> <span class='ocrx_word' id='word_1_421' title='bbox 766 3522 798 3575; x_wconf 90' lang='lat' dir='ltr'><strong>ut</strong></span> <span class='ocrx_word' id='word_1_422' title='bbox 805 3520 983 3592; x_wconf 87' lang='lat' dir='ltr'><strong>exprobaret</strong></span> <span class='ocrx_word' id='word_1_423' title='bbox 994 3525 1022 3578; x_wconf 90' lang='lat' dir='ltr'><strong>et</strong></span> <span class='ocrx_word' id='word_1_424' title='bbox 1077 3521 1213 3578; x_wconf 76' lang='lat' dir='ltr'><strong>Ecclesia</strong></span> <span class='ocrx_word' id='word_1_425' title='bbox 1228 3521 1376 3587; x_wconf 89' lang='lat' dir='ltr'><strong>decorem,</strong></span> <span class='ocrx_word' id='word_1_426' title='bbox 1392 3537 1485 3594; x_wconf 90' lang='lat' dir='ltr'><strong>quani</strong></span> <span class='ocrx_word' id='word_1_427' title='bbox 1496 3521 1632 3592; x_wconf 85' lang='lat' dir='ltr'><strong>ejusdem</strong></span> <span class='ocrx_word' id='word_1_428' title='bbox 1646 3520 1789 3578; x_wconf 69' lang='lat' dir='ltr'><strong>Ecclesia</strong></span> <span class='ocrx_word' id='word_1_429' title='bbox 1803 3522 1893 3579; x_wconf 81' lang='lat' dir='ltr'><strong>utilem</strong></span> 
     </span>
     <span class='ocr_line' id='line_1_39' title="bbox 194 3603 1894 3682; baseline 0.001 -19"><span class='ocrx_word' id='word_1_430' title='bbox 194 3603 1023 3677; x_wconf 56' lang='lat' dir='ltr'><strong>excommunicarem)AnselmumdePusterladiaconem</strong></span> <span class='ocrx_word' id='word_1_431' title='bbox 1076 3615 1105 3666; x_wconf 86' lang='lat' dir='ltr'><strong>et</strong></span> <span class='ocrx_word' id='word_1_432' title='bbox 1116 3610 1270 3665; x_wconf 86' lang='lat' dir='ltr'><strong>honestam</strong></span> <span class='ocrx_word' id='word_1_433' title='bbox 1285 3608 1480 3665; x_wconf 89' lang='lat' dir='ltr'><strong>nobilitatem.</strong></span> <span class='ocrx_word' id='word_1_434' title='bbox 1497 3609 1528 3664; x_wconf 92' lang='lat' dir='ltr'><strong>ln</strong></span> <span class='ocrx_word' id='word_1_435' title='bbox 1541 3610 1600 3664; x_wconf 86' lang='lat' dir='ltr'><strong>isto</strong></span> <span class='ocrx_word' id='word_1_436' title='bbox 1615 3623 1748 3680; x_wconf 88' lang='lat' dir='ltr'><strong>namque</strong></span> <span class='ocrx_word' id='word_1_437' title='bbox 1770 3613 1894 3682; x_wconf 88' lang='lat' dir='ltr'><strong>tempore</strong></span> 
     </span>
     <span class='ocr_line' id='line_1_40' title="bbox 195 3690 1895 3771; baseline 0.002 -22"><span class='ocrx_word' id='word_1_438' title='bbox 195 3690 379 3749; x_wconf 87' lang='lat' dir='ltr'><strong>ordinarium</strong></span> <span class='ocrx_word' id='word_1_439' title='bbox 394 3691 466 3765; x_wconf 89' lang='lat' dir='ltr'><strong>quia</strong></span> <span class='ocrx_word' id='word_1_440' title='bbox 483 3691 727 3750; x_wconf 90' lang='lat' dir='ltr'><strong>deditconsilium</strong></span> <span class='ocrx_word' id='word_1_441' title='bbox 748 3698 781 3750; x_wconf 90' lang='lat' dir='ltr'><strong>ut</strong></span> <span class='ocrx_word' id='word_1_442' title='bbox 801 3695 970 3753; x_wconf 85' lang='lat' dir='ltr'><strong>Grossulani</strong></span> <span class='ocrx_word' id='word_1_443' title='bbox 994 3700 1023 3754; x_wconf 89' lang='lat' dir='ltr'><strong>ct</strong></span> <span class='ocrx_word' id='word_1_444' title='bbox 1075 3696 1354 3755; x_wconf 81' lang='lat' dir='ltr'><strong>nostracoievitatis</strong></span> <span class='ocrx_word' id='word_1_445' title='bbox 1380 3700 1408 3752; x_wconf 88' lang='lat' dir='ltr'><strong>et</strong></span> <span class='ocrx_word' id='word_1_446' title='bbox 1442 3694 1640 3767; x_wconf 88' lang='lat' dir='ltr'><strong>discipulatus</strong></span> <span class='ocrx_word' id='word_1_447' title='bbox 1664 3696 1804 3753; x_wconf 85' lang='lat' dir='ltr'><strong>Urbanus</strong></span> <span class='ocrx_word' id='word_1_448' title='bbox 1829 3713 1895 3771; x_wconf 79' lang='lat' dir='ltr'><strong>pape</strong></span> 
     </span>
     <span class='ocr_line' id='line_1_41' title="bbox 194 3778 1893 3858; baseline 0.001 -19"><span class='ocrx_word' id='word_1_449' title='bbox 194 3780 317 3839; x_wconf 74' lang='lat' dir='ltr'><strong>terdeni</strong></span> <span class='ocrx_word' id='word_1_450' title='bbox 329 3795 421 3837; x_wconf 85' lang='lat' dir='ltr'><strong>causa</strong></span> <span class='ocrx_word' id='word_1_451' title='bbox 434 3778 651 3839; x_wconf 88' lang='lat' dir='ltr'><strong>discerneretur</strong></span> <span class='ocrx_word' id='word_1_452' title='bbox 665 3780 925 3854; x_wconf 88' lang='lat' dir='ltr'><strong>perlegitimamet</strong></span> <span class='ocrx_word' id='word_1_453' title='bbox 934 3799 1023 3856; x_wconf 90' lang='lat' dir='ltr'><strong>gene·</strong></span> <span class='ocrx_word' id='word_1_454' title='bbox 1076 3785 1227 3858; x_wconf 86' lang='lat' dir='ltr'><strong>synodum</strong></span> <span class='ocrx_word' id='word_1_455' title='bbox 1241 3783 1399 3841; x_wconf 80' lang='lat' dir='ltr'><strong>Placentia</strong></span> <span class='ocrx_word' id='word_1_456' title='bbox 1405 3784 1566 3841; x_wconf 87' lang='lat' dir='ltr'><strong>celebravit</strong></span> <span class='ocrx_word' id='word_1_457' title='bbox 1578 3784 1627 3853; x_wconf 84' lang='grc'><strong>(6),</strong></span> <span class='ocrx_word' id='word_1_458' title='bbox 1643 3786 1893 3857; x_wconf 82' lang='lat' dir='ltr'><strong>atqucdeFramii</strong></span> 
     </span>
    </p>
   </div>
   <div class='ocr_carea' id='block_1_3' title="bbox 233 3927 1896 4075">
    <p class='ocr_par' dir='ltr' id='par_1_3' title="bbox 233 3927 1896 4075">
     <span class='ocr_line' id='line_1_42' title="bbox 233 3927 1896 4059; baseline 0.005 -75"><span class='ocrx_word' id='word_1_459' title='bbox 233 3927 308 4054; x_wconf 57' lang='grc'><strong>91.</strong></span> <span class='ocrx_word' id='word_1_460' title='bbox 320 3927 566 3999; x_wconf 59' lang='lat' dir='ltr'><strong>ldirmpugriono.</strong></span> <span class='ocrx_word' id='word_1_461' title='bbox 1097 3934 1151 4059; x_wconf 48' lang='lat' dir='ltr'><strong>teg</strong></span> <span class='ocrx_word' id='word_1_462' title='bbox 1165 3933 1280 3990; x_wconf 85' lang='lat' dir='ltr'><strong>Scilicet</strong></span> <span class='ocrx_word' id='word_1_463' title='bbox 1293 3950 1311 3989; x_wconf 88' lang='lat' dir='ltr'><strong>a</strong></span> <span class='ocrx_word' id='word_1_464' title='bbox 1328 3933 1464 4000; x_wconf 82' lang='lat' dir='ltr'><strong>iordane,</strong></span> <span class='ocrx_word' id='word_1_465' title='bbox 1480 3938 1512 3989; x_wconf 87' lang='lat' dir='ltr'><strong>ut</strong></span> <span class='ocrx_word' id='word_1_466' title='bbox 1524 3932 1606 3989; x_wconf 87' lang='lat' dir='ltr'><strong>initio</strong></span> <span class='ocrx_word' id='word_1_467' title='bbox 1617 3934 1703 4007; x_wconf 83' lang='lat' dir='ltr'><strong>hujus</strong></span> <span class='ocrx_word' id='word_1_468' title='bbox 1717 3950 1784 4006; x_wconf 81' lang='lat' dir='ltr'><strong>cap.</strong></span> <span class='ocrx_word' id='word_1_469' title='bbox 1806 3953 1896 3992; x_wconf 84' lang='lat' dir='ltr'><strong>narre-</strong></span> 
     </span>
     <span class='ocr_line' id='line_1_43' title="bbox 254 3998 1326 4075; baseline 0.006 -23"><span class='ocrx_word' id='word_1_470' title='bbox 254 4014 299 4055; x_wconf 78' lang='lat' dir='ltr'><strong>ir.</strong></span> <span class='ocrx_word' id='word_1_471' title='bbox 316 3998 420 4054; x_wconf 80' lang='lat' dir='ltr'><strong>XXVII.</strong></span> <span class='ocrx_word' id='word_1_472' title='bbox 441 4028 475 4038; x_wconf 91' lang='lat'><em>-</em></span> <span class='ocrx_word' id='word_1_473' title='bbox 488 3999 525 4067; x_wconf 87' lang='grc'><strong>(1)</strong></span> <span class='ocrx_word' id='word_1_474' title='bbox 540 3999 569 4054; x_wconf 92' lang='lat' dir='ltr'><strong>ld</strong></span> <span class='ocrx_word' id='word_1_475' title='bbox 585 4002 629 4055; x_wconf 90' lang='lat' dir='ltr'><strong>est</strong></span> <span class='ocrx_word' id='word_1_476' title='bbox 640 4016 719 4071; x_wconf 86' lang='lat' dir='ltr'><strong>perc.</strong></span> <span class='ocrx_word' id='word_1_477' title='bbox 1077 4008 1119 4061; x_wconf 90' lang='lat' dir='ltr'><strong>vit</strong></span> <span class='ocrx_word' id='word_1_478' title='bbox 1153 4004 1326 4075; x_wconf 89' lang='lat' dir='ltr'><strong>andulphus.</strong></span> 
     </span>
    </p>
   </div>
   <div class='ocr_carea' id='block_1_4' title="bbox 232 4067 1895 4199">
    <p class='ocr_par' dir='ltr' id='par_1_4' title="bbox 232 4067 1895 4199">
     <span class='ocr_line' id='line_1_44' title="bbox 232 4067 1895 4199; baseline 0.007 -77"><span class='ocrx_word' id='word_1_479' title='bbox 232 4068 274 4139; x_wconf 82' lang='grc'><strong>(1)</strong></span> <span class='ocrx_word' id='word_1_480' title='bbox 282 4067 550 4125; x_wconf 81' lang='lat' dir='ltr'><strong>Forsitanniitiste‘te</strong></span> <span class='ocrx_word' id='word_1_481' title='bbox 567 4069 660 4135; x_wconf 87' lang='lat' dir='ltr'><strong>;alter</strong></span> <span class='ocrx_word' id='word_1_482' title='bbox 671 4071 748 4127; x_wconf 88' lang='lat' dir='ltr'><strong>enim</strong></span> <span class='ocrx_word' id='word_1_483' title='bbox 757 4074 901 4131; x_wconf 87' lang='lat' dir='ltr'><strong>Pascbalis</strong></span> <span class='ocrx_word' id='word_1_484' title='bbox 919 4078 952 4141; x_wconf 92' lang='lat' dir='ltr'><strong>ll,</strong></span> <span class='ocrx_word' id='word_1_485' title='bbox 975 4076 1022 4131; x_wconf 88' lang='lat' dir='ltr'><strong>de·</strong></span> <span class='ocrx_word' id='word_1_486' title='bbox 1112 4076 1178 4131; x_wconf 82' lang='lat' dir='ltr'><strong>Cir.</strong></span> <span class='ocrx_word' id='word_1_487' title='bbox 1194 4075 1319 4130; x_wconf 83' lang='lat' dir='ltr'><strong>xxviii.</strong></span> <span class='ocrx_word' id='word_1_488' title='bbox 1335 4105 1370 4115; x_wconf 89' lang='lat'><em>-</em></span> <span class='ocrx_word' id='word_1_489' title='bbox 1398 4074 1436 4199; x_wconf 62' lang='lat'><strong>(¹1)</strong></span> <span class='ocrx_word' id='word_1_490' title='bbox 1448 4075 1507 4130; x_wconf 85' lang='lat' dir='ltr'><strong>Vox</strong></span> <span class='ocrx_word' id='word_1_491' title='bbox 1522 4075 1654 4133; x_wconf 84' lang='lat' dir='ltr'><strong>barbara.</strong></span> <span class='ocrx_word' id='word_1_492' title='bbox 1681 4090 1742 4147; x_wconf 86' lang='lat' dir='ltr'><strong>qua</strong></span> <span class='ocrx_word' id='word_1_493' title='bbox 1775 4076 1895 4141; x_wconf 63' lang='lat' dir='ltr'><strong>thecuae</strong></span> 
     </span>
    </p>
   </div>
   <div class='ocr_carea' id='block_1_5' title="bbox 197 4138 1896 5276">
    <p class='ocr_par' dir='ltr' id='par_1_5' title="bbox 197 4138 1398 4298">
     <span class='ocr_line' id='line_1_45' title="bbox 198 4138 1398 4216; baseline 0.005 -22"><span class='ocrx_word' id='word_1_494' title='bbox 198 4144 274 4195; x_wconf 88' lang='lat' dir='ltr'><strong>creto</strong></span> <span class='ocrx_word' id='word_1_495' title='bbox 287 4138 434 4195; x_wconf 87' lang='lat' dir='ltr'><strong>restitutus</strong></span> <span class='ocrx_word' id='word_1_496' title='bbox 447 4138 541 4195; x_wconf 87' lang='lat' dir='ltr'><strong>fuerat</strong></span> <span class='ocrx_word' id='word_1_497' title='bbox 552 4139 582 4195; x_wconf 91' lang='lat' dir='ltr'><strong>in</strong></span> <span class='ocrx_word' id='word_1_498' title='bbox 597 4142 665 4197; x_wconf 90' lang='lat' dir='ltr'><strong>sede</strong></span> <span class='ocrx_word' id='word_1_499' title='bbox 688 4142 892 4202; x_wconf 82' lang='lat' dir='ltr'><strong>Mediolanensi</strong></span> <span class='ocrx_word' id='word_1_500' title='bbox 917 4162 925 4210; x_wconf 87' lang='grc'>;</span> <span class='ocrx_word' id='word_1_501' title='bbox 950 4146 1023 4202; x_wconf 87' lang='lat' dir='ltr'><strong>alter</strong></span> <span class='ocrx_word' id='word_1_502' title='bbox 1076 4162 1125 4202; x_wconf 87' lang='lat' dir='ltr'><strong>seu</strong></span> <span class='ocrx_word' id='word_1_503' title='bbox 1139 4149 1398 4216; x_wconf 87' lang='lat' dir='ltr'><strong>conspurcamenta</strong></span> 
     </span>
     <span class='ocr_line' id='line_1_46' title="bbox 197 4209 1170 4298; baseline 0.004 -33"><span class='ocrx_word' id='word_1_504' title='bbox 197 4224 265 4265; x_wconf 88' lang='lat' dir='ltr'><strong>vero</strong></span> <span class='ocrx_word' id='word_1_505' title='bbox 280 4211 316 4266; x_wconf 90' lang='lat' dir='ltr'><strong>ab</strong></span> <span class='ocrx_word' id='word_1_506' title='bbox 328 4209 432 4266; x_wconf 90' lang='lat' dir='ltr'><strong>eodem</strong></span> <span class='ocrx_word' id='word_1_507' title='bbox 444 4209 576 4265; x_wconf 88' lang='lat' dir='ltr'><strong>Paschali</strong></span> <span class='ocrx_word' id='word_1_508' title='bbox 592 4212 766 4283; x_wconf 87' lang='lat' dir='ltr'><strong>approbatus</strong></span> <span class='ocrx_word' id='word_1_509' title='bbox 776 4231 828 4298; x_wconf 88' lang='lat' dir='ltr'><strong>per</strong></span> <span class='ocrx_word' id='word_1_510' title='bbox 842 4215 920 4286; x_wconf 90' lang='lat' dir='ltr'><strong>pallii</strong></span> <span class='ocrx_word' id='word_1_511' title='bbox 933 4217 1021 4272; x_wconf 79' lang='lat' dir='ltr'><strong>alda·</strong></span> <span class='ocrx_word' id='word_1_512' title='bbox 1077 4217 1170 4272; x_wconf 90' lang='lat' dir='ltr'><strong>detur.</strong></span> 
     </span>
    </p>

    <p class='ocr_par' dir='ltr' id='par_1_6' title="bbox 197 4279 1896 4439">
     <span class='ocr_line' id='line_1_47' title="bbox 198 4279 1896 4358; baseline 0.008 -22"><span class='ocrx_word' id='word_1_513' title='bbox 198 4279 476 4337; x_wconf 86' lang='lat' dir='ltr'><strong>mardoTaurinensi</strong></span> <span class='ocrx_word' id='word_1_514' title='bbox 487 4280 620 4353; x_wconf 87' lang='lat' dir='ltr'><strong>episcopo</strong></span> <span class='ocrx_word' id='word_1_515' title='bbox 641 4281 729 4339; x_wconf 90' lang='lat' dir='ltr'><strong>delati</strong></span> <span class='ocrx_word' id='word_1_516' title='bbox 743 4285 911 4342; x_wconf 80' lang='lat' dir='ltr'><strong>missionem</strong></span> <span class='ocrx_word' id='word_1_517' title='bbox 929 4291 962 4342; x_wconf 91' lang='lat' dir='ltr'><strong>ut</strong></span> <span class='ocrx_word' id='word_1_518' title='bbox 972 4304 1020 4343; x_wconf 92' lang='lat' dir='ltr'><strong>su·</strong></span> <span class='ocrx_word' id='word_1_519' title='bbox 1113 4288 1152 4358; x_wconf 70' lang='grc' dir='ltr'><strong>(Ξ)</strong></span> <span class='ocrx_word' id='word_1_520' title='bbox 1168 4285 1280 4342; x_wconf 89' lang='lat' dir='ltr'><strong>Scilicet</strong></span> <span class='ocrx_word' id='word_1_521' title='bbox 1293 4285 1459 4357; x_wconf 81' lang='lat' dir='ltr'><strong>erogatione</strong></span> <span class='ocrx_word' id='word_1_522' title='bbox 1472 4284 1599 4356; x_wconf 77' lang='lat' dir='ltr'><strong>pecunia</strong></span> <span class='ocrx_word' id='word_1_523' title='bbox 1621 4285 1698 4341; x_wconf 83' lang='lat' dir='ltr'><strong>faeta</strong></span> <span class='ocrx_word' id='word_1_524' title='bbox 1713 4286 1896 4349; x_wconf 82' lang='lat' dir='ltr'><strong>Grossulano</strong></span> 
     </span>
     <span class='ocr_line' id='line_1_48' title="bbox 197 4351 1896 4439; baseline 0.005 -33"><span class='ocrx_word' id='word_1_525' title='bbox 197 4367 251 4423; x_wconf 84' lang='lat' dir='ltr'><strong>pra</strong></span> <span class='ocrx_word' id='word_1_526' title='bbox 263 4351 372 4433; x_wconf 80' lang='lat' dir='ltr'><strong>dietum</strong></span> <span class='ocrx_word' id='word_1_527' title='bbox 384 4354 442 4432; x_wconf 31' lang='lat' dir='ltr'><strong>est..</strong></span> <span class='ocrx_word' id='word_1_528' title='bbox 465 4419 471 4431; x_wconf 92' lang='lat'><strong>.</strong></span> <span class='ocrx_word' id='word_1_529' title='bbox 622 4420 628 4433; x_wconf 38' lang='grc' dir='ltr'>ι</span> <span class='ocrx_word' id='word_1_530' title='bbox 1037 4381 1060 4439; x_wconf 72' lang='lat'><strong>1)</strong></span> <span class='ocrx_word' id='word_1_531' title='bbox 1076 4362 1105 4413; x_wconf 90' lang='lat' dir='ltr'><strong>et</strong></span> <span class='ocrx_word' id='word_1_532' title='bbox 1119 4358 1265 4425; x_wconf 74' lang='lat' dir='ltr'><strong>anselmo,</strong></span> <span class='ocrx_word' id='word_1_533' title='bbox 1281 4361 1313 4410; x_wconf 90' lang='lat' dir='ltr'><strong>ut</strong></span> <span class='ocrx_word' id='word_1_534' title='bbox 1333 4356 1417 4410; x_wconf 82' lang='lat' dir='ltr'><strong>fama</strong></span> <span class='ocrx_word' id='word_1_535' title='bbox 1430 4372 1486 4412; x_wconf 88' lang='lat' dir='ltr'><strong>suae</strong></span> <span class='ocrx_word' id='word_1_536' title='bbox 1501 4356 1646 4412; x_wconf 87' lang='lat' dir='ltr'><strong>securitati</strong></span> <span class='ocrx_word' id='word_1_537' title='bbox 1669 4364 1788 4413; x_wconf 86' lang='lat' dir='ltr'><strong>caveret</strong></span> <span class='ocrx_word' id='word_1_538' title='bbox 1808 4360 1896 4415; x_wconf 67' lang='lat' dir='ltr'><strong>loreia</strong></span> 
     </span>
    </p>

    <p class='ocr_par' dir='ltr' id='par_1_7' title="bbox 197 4420 1895 4714">
     <span class='ocr_line' id='line_1_49' title="bbox 231 4420 1893 4499; baseline 0.006 -23"><span class='ocrx_word' id='word_1_539' title='bbox 231 4420 272 4491; x_wconf 77' lang='lat' dir='ltr'><strong>(sl</strong></span> <span class='ocrx_word' id='word_1_540' title='bbox 293 4422 364 4476; x_wconf 89' lang='lat' dir='ltr'><strong>Hinc</strong></span> <span class='ocrx_word' id='word_1_541' title='bbox 378 4420 530 4491; x_wconf 79' lang='lat' dir='ltr'><strong>colligitur,</strong></span> <span class='ocrx_word' id='word_1_542' title='bbox 553 4436 686 4479; x_wconf 86' lang='lat' dir='ltr'><strong>suasione</strong></span> <span class='ocrx_word' id='word_1_543' title='bbox 713 4423 781 4480; x_wconf 88' lang='lat' dir='ltr'><strong>cleri</strong></span> <span class='ocrx_word' id='word_1_544' title='bbox 807 4429 836 4481; x_wconf 89' lang='lat' dir='ltr'><strong>et</strong></span> <span class='ocrx_word' id='word_1_545' title='bbox 861 4426 957 4498; x_wconf 91' lang='lat' dir='ltr'><strong>populi</strong></span> <span class='ocrx_word' id='word_1_546' title='bbox 973 4426 1021 4498; x_wconf 91' lang='lat' dir='ltr'><strong>qui</strong></span> <span class='ocrx_word' id='word_1_547' title='bbox 1076 4443 1130 4482; x_wconf 93' lang='lat' dir='ltr'><strong>nus</strong></span> <span class='ocrx_word' id='word_1_548' title='bbox 1143 4445 1149 4491; x_wconf 89' lang='grc'><strong>;</strong></span> <span class='ocrx_word' id='word_1_549' title='bbox 1163 4444 1253 4499; x_wconf 90' lang='lat' dir='ltr'><strong>eaque</strong></span> <span class='ocrx_word' id='word_1_550' title='bbox 1272 4425 1567 4498; x_wconf 79' lang='lat' dir='ltr'><strong>auctoresprecipuos</strong></span> <span class='ocrx_word' id='word_1_551' title='bbox 1579 4426 1719 4483; x_wconf 89' lang='lat' dir='ltr'><strong>habuerat</strong></span> <span class='ocrx_word' id='word_1_552' title='bbox 1734 4429 1893 4486; x_wconf 75' lang='lat' dir='ltr'><strong>Muriculan</strong></span> 
     </span>
     <span class='ocr_line' id='line_1_50' title="bbox 197 4491 1529 4568; baseline 0.003 -22"><span class='ocrx_word' id='word_1_553' title='bbox 197 4491 324 4547; x_wconf 84' lang='lat' dir='ltr'><strong>Jordano</strong></span> <span class='ocrx_word' id='word_1_554' title='bbox 345 4491 490 4556; x_wconf 86' lang='lat' dir='ltr'><strong>favebant,</strong></span> <span class='ocrx_word' id='word_1_555' title='bbox 517 4492 685 4548; x_wconf 77' lang='lat' dir='ltr'><strong>Anselmum</strong></span> <span class='ocrx_word' id='word_1_556' title='bbox 711 4493 746 4551; x_wconf 91' lang='lat' dir='ltr'><strong>de</strong></span> <span class='ocrx_word' id='word_1_557' title='bbox 780 4496 911 4552; x_wconf 86' lang='lat' dir='ltr'><strong>Pusterla</strong></span> <span class='ocrx_word' id='word_1_558' title='bbox 943 4497 1022 4568; x_wconf 87' lang='lat' dir='ltr'><strong>pacis</strong></span> <span class='ocrx_word' id='word_1_559' title='bbox 1077 4503 1105 4553; x_wconf 87' lang='lat' dir='ltr'><strong>et</strong></span> <span class='ocrx_word' id='word_1_560' title='bbox 1120 4497 1282 4553; x_wconf 83' lang='lat' dir='ltr'><strong>Ferrarium</strong></span> <span class='ocrx_word' id='word_1_561' title='bbox 1298 4497 1343 4552; x_wconf 88' lang='lat' dir='ltr'><strong>hic</strong></span> <span class='ocrx_word' id='word_1_562' title='bbox 1353 4503 1529 4552; x_wconf 85' lang='lat' dir='ltr'><strong>memoratos</strong></span> 
     </span>
     <span class='ocr_line' id='line_1_51' title="bbox 197 4561 1895 4645; baseline 0.006 -29"><span class='ocrx_word' id='word_1_563' title='bbox 197 4561 319 4645; x_wconf 77' lang='lat' dir='ltr'><strong>concilia</strong></span> <span class='ocrx_word' id='word_1_564' title='bbox 332 4565 539 4644; x_wconf 85' lang='lat' dir='ltr'><strong>proponentem</strong></span> <span class='ocrx_word' id='word_1_565' title='bbox 553 4561 641 4619; x_wconf 87' lang='lat' dir='ltr'><strong>fnisse</strong></span> <span class='ocrx_word' id='word_1_566' title='bbox 661 4564 759 4620; x_wconf 88' lang='lat' dir='ltr'><strong>statim</strong></span> <span class='ocrx_word' id='word_1_567' title='bbox 775 4567 810 4621; x_wconf 84' lang='lat' dir='ltr'><strong>ab</strong></span> <span class='ocrx_word' id='word_1_568' title='bbox 836 4568 939 4623; x_wconf 89' lang='lat' dir='ltr'><strong>eodem</strong></span> <span class='ocrx_word' id='word_1_569' title='bbox 953 4584 1023 4623; x_wconf 85' lang='lat' dir='ltr'><strong>ana·</strong></span> <span class='ocrx_word' id='word_1_570' title='bbox 1111 4569 1152 4639; x_wconf 88' lang='lat'><strong>(3)</strong></span> <span class='ocrx_word' id='word_1_571' title='bbox 1166 4568 1274 4623; x_wconf 89' lang='lat' dir='ltr'><strong>Obiisse</strong></span> <span class='ocrx_word' id='word_1_572' title='bbox 1287 4572 1363 4623; x_wconf 89' lang='lat' dir='ltr'><strong>fiune</strong></span> <span class='ocrx_word' id='word_1_573' title='bbox 1376 4568 1581 4623; x_wconf 71' lang='lat' dir='ltr'><strong>Andreamsub</strong></span> <span class='ocrx_word' id='word_1_574' title='bbox 1594 4567 1682 4623; x_wconf 87' lang='lat' dir='ltr'><strong>linem</strong></span> <span class='ocrx_word' id='word_1_575' title='bbox 1698 4568 1771 4623; x_wconf 88' lang='lat' dir='ltr'><strong>anni</strong></span> <span class='ocrx_word' id='word_1_576' title='bbox 1783 4572 1895 4633; x_wconf 60' lang='lat' dir='ltr'><strong>littei</strong></span> 
     </span>
     <span class='ocr_line' id='line_1_52' title="bbox 198 4631 1529 4714; baseline 0.004 -28"><span class='ocrx_word' id='word_1_577' title='bbox 198 4631 321 4697; x_wconf 83' lang='lat' dir='ltr'><strong>themati</strong></span> <span class='ocrx_word' id='word_1_578' title='bbox 333 4633 502 4714; x_wconf 74' lang='lat' dir='ltr'><strong>subiectum.</strong></span> <span class='ocrx_word' id='word_1_579' title='bbox 576 4703 582 4714; x_wconf 55' lang='lat'>,</span> <span class='ocrx_word' id='word_1_580' title='bbox 1076 4655 1162 4710; x_wconf 86' lang='lat' dir='ltr'><strong>supra</strong></span> <span class='ocrx_word' id='word_1_581' title='bbox 1174 4637 1298 4694; x_wconf 87' lang='lat' dir='ltr'><strong>narratis</strong></span> <span class='ocrx_word' id='word_1_582' title='bbox 1312 4637 1406 4710; x_wconf 89' lang='lat' dir='ltr'><strong>colligi</strong></span> <span class='ocrx_word' id='word_1_583' title='bbox 1425 4641 1529 4709; x_wconf 88' lang='lat' dir='ltr'><strong>potest.</strong></span> 
     </span>
    </p>

    <p class='ocr_par' dir='ltr' id='par_1_8' title="bbox 197 4700 1895 5059">
     <span class='ocr_line' id='line_1_53' title="bbox 234 4700 1894 4784; baseline 0.005 -27"><span class='ocrx_word' id='word_1_584' title='bbox 234 4702 274 4774; x_wconf 83' lang='lat' dir='ltr'><strong>(l)</strong></span> <span class='ocrx_word' id='word_1_585' title='bbox 289 4704 346 4759; x_wconf 88' lang='lat' dir='ltr'><strong>Vox</strong></span> <span class='ocrx_word' id='word_1_586' title='bbox 362 4707 418 4758; x_wconf 85' lang='lat' dir='ltr'><strong>ista</strong></span> <span class='ocrx_word' id='word_1_587' title='bbox 431 4702 543 4758; x_wconf 90' lang='lat' dir='ltr'><strong>videtur</strong></span> <span class='ocrx_word' id='word_1_588' title='bbox 554 4700 600 4758; x_wconf 90' lang='lat' dir='ltr'><strong>hic</strong></span> <span class='ocrx_word' id='word_1_589' title='bbox 615 4718 669 4774; x_wconf 90' lang='lat' dir='ltr'><strong>pro</strong></span> <span class='ocrx_word' id='word_1_590' title='bbox 683 4705 842 4773; x_wconf 81' lang='lat' dir='ltr'><strong>seductore,</strong></span> <span class='ocrx_word' id='word_1_591' title='bbox 857 4723 907 4764; x_wconf 90' lang='lat' dir='ltr'><strong>seii</strong></span> <span class='ocrx_word' id='word_1_592' title='bbox 931 4707 1023 4778; x_wconf 91' lang='lat' dir='ltr'><strong>impo·</strong></span> <span class='ocrx_word' id='word_1_593' title='bbox 1112 4709 1151 4780; x_wconf 79' lang='lat' dir='ltr'><strong>il)</strong></span> <span class='ocrx_word' id='word_1_594' title='bbox 1163 4710 1242 4763; x_wconf 89' lang='lat' dir='ltr'><strong>idem</strong></span> <span class='ocrx_word' id='word_1_595' title='bbox 1256 4711 1340 4764; x_wconf 87' lang='lat' dir='ltr'><strong>estse</strong></span> <span class='ocrx_word' id='word_1_596' title='bbox 1353 4724 1490 4776; x_wconf 83' lang='lat' dir='ltr'><strong>campano</strong></span> <span class='ocrx_word' id='word_1_597' title='bbox 1505 4726 1511 4766; x_wconf 94' lang='lat'>:</span> <span class='ocrx_word' id='word_1_598' title='bbox 1534 4708 1569 4762; x_wconf 90' lang='lat' dir='ltr'><strong>de</strong></span> <span class='ocrx_word' id='word_1_599' title='bbox 1585 4706 1769 4765; x_wconf 89' lang='lat' dir='ltr'><strong>hocnomine</strong></span> <span class='ocrx_word' id='word_1_600' title='bbox 1779 4711 1894 4784; x_wconf 86' lang='lat' dir='ltr'><strong>antiqui·</strong></span> 
     </span>
     <span class='ocr_line' id='line_1_54' title="bbox 198 4772 1892 4902; baseline 0.004 -74"><span class='ocrx_word' id='word_1_601' title='bbox 198 4775 275 4855; x_wconf 73' lang='lat' dir='ltr'><strong>sture</strong></span> <span class='ocrx_word' id='word_1_602' title='bbox 294 4772 393 4856; x_wconf 78' lang='lat' dir='ltr'><strong>accipi,</strong></span> <span class='ocrx_word' id='word_1_603' title='bbox 410 4773 659 4899; x_wconf 46' lang='lat' dir='ltr'><strong>quemadmodum</strong></span> <span class='ocrx_word' id='word_1_604' title='bbox 682 4774 712 4829; x_wconf 94' lang='lat' dir='ltr'><strong>id</strong></span> <span class='ocrx_word' id='word_1_605' title='bbox 733 4793 845 4902; x_wconf 53' lang='lat' dir='ltr'><strong>quoq&#39;ue</strong></span> <span class='ocrx_word' id='word_1_606' title='bbox 865 4796 914 4850; x_wconf 87' lang='lat' dir='ltr'><strong>per</strong></span> <span class='ocrx_word' id='word_1_607' title='bbox 941 4778 1021 4860; x_wconf 84' lang='lat' dir='ltr'><strong>illam</strong></span> <span class='ocrx_word' id='word_1_608' title='bbox 1077 4784 1123 4836; x_wconf 91' lang='lat' dir='ltr'><strong>tus</strong></span> <span class='ocrx_word' id='word_1_609' title='bbox 1133 4778 1306 4850; x_wconf 89' lang='lat' dir='ltr'><strong>usurpatoin</strong></span> <span class='ocrx_word' id='word_1_610' title='bbox 1316 4778 1583 4848; x_wconf 88' lang='lat' dir='ltr'><strong>documentisplura</strong></span> <span class='ocrx_word' id='word_1_611' title='bbox 1594 4777 1708 4834; x_wconf 85' lang='lat' dir='ltr'><strong>disserit</strong></span> <span class='ocrx_word' id='word_1_612' title='bbox 1728 4780 1845 4839; x_wconf 81' lang='lat' dir='ltr'><strong>Purioel</strong></span> <span class='ocrx_word' id='word_1_613' title='bbox 1863 4784 1892 4836; x_wconf 81' lang='lat' dir='ltr'><strong>,iu</strong></span> 
     </span>
     <span class='ocr_line' id='line_1_55' title="bbox 198 4843 1895 4925; baseline 0.004 -26"><span class='ocrx_word' id='word_1_614' title='bbox 198 4844 409 4916; x_wconf 76' lang='lat' dir='ltr'><strong>significantes</strong></span> <span class='ocrx_word' id='word_1_615' title='bbox 430 4847 452 4899; x_wconf 85' lang='lat' dir='ltr'><strong>ii</strong></span> <span class='ocrx_word' id='word_1_616' title='bbox 467 4843 779 4924; x_wconf 79' lang='lat' dir='ltr'><strong>lineanginsexglossa</strong></span> <span class='ocrx_word' id='word_1_617' title='bbox 820 4849 1021 4913; x_wconf 72' lang='lat' dir='ltr'><strong>raeco-Latina,</strong></span> <span class='ocrx_word' id='word_1_618' title='bbox 1076 4849 1216 4914; x_wconf 69' lang='lat' dir='ltr'><strong>bionum„</strong></span> <span class='ocrx_word' id='word_1_619' title='bbox 1236 4865 1317 4904; x_wconf 88' lang='lat' dir='ltr'><strong>nuni.</strong></span> <span class='ocrx_word' id='word_1_620' title='bbox 1337 4848 1399 4904; x_wconf 78' lang='lat' dir='ltr'><strong>ast.</strong></span> <span class='ocrx_word' id='word_1_621' title='bbox 1415 4848 1546 4904; x_wconf 76' lang='lat' dir='ltr'><strong>Alterum</strong></span> <span class='ocrx_word' id='word_1_622' title='bbox 1567 4863 1601 4903; x_wconf 90' lang='lat' dir='ltr'><strong>ex</strong></span> <span class='ocrx_word' id='word_1_623' title='bbox 1623 4849 1730 4904; x_wconf 88' lang='lat' dir='ltr'><strong>nostris</strong></span> <span class='ocrx_word' id='word_1_624' title='bbox 1744 4866 1820 4908; x_wconf 84' lang='lat' dir='ltr'><strong>mss.</strong></span> <span class='ocrx_word' id='word_1_625' title='bbox 1838 4853 1895 4925; x_wconf 87' lang='lat' dir='ltr'><strong>legit</strong></span> 
     </span>
     <span class='ocr_line' id='line_1_56' title="bbox 197 4914 1186 4990; baseline 0.003 -19"><span class='ocrx_word' id='word_1_626' title='bbox 197 4921 226 4971; x_wconf 88' lang='lat' dir='ltr'><strong>et</strong></span> <span class='ocrx_word' id='word_1_627' title='bbox 240 4915 375 4972; x_wconf 84' lang='lat' dir='ltr'><strong>ilenricus</strong></span> <span class='ocrx_word' id='word_1_628' title='bbox 398 4915 559 4987; x_wconf 86' lang='lat' dir='ltr'><strong>Stephanus</strong></span> <span class='ocrx_word' id='word_1_629' title='bbox 575 4931 604 4970; x_wconf 92' lang='lat' dir='ltr'><strong>in</strong></span> <span class='ocrx_word' id='word_1_630' title='bbox 627 4914 762 4973; x_wconf 86' lang='lat' dir='ltr'><strong>Thesaur.</strong></span> <span class='ocrx_word' id='word_1_631' title='bbox 791 4918 894 4974; x_wconf 84' lang='lat' dir='ltr'><strong>Graecai</strong></span> <span class='ocrx_word' id='word_1_632' title='bbox 918 4919 1023 4990; x_wconf 83' lang='lat' dir='ltr'><strong>lingua</strong></span> <span class='ocrx_word' id='word_1_633' title='bbox 1076 4919 1186 4975; x_wconf 67' lang='lat' dir='ltr'><strong>cauca.</strong></span> 
     </span>
     <span class='ocr_line' id='line_1_57' title="bbox 199 4984 1890 5059; baseline 0.004 -18"><span class='ocrx_word' id='word_1_634' title='bbox 199 4984 345 5048; x_wconf 62' lang='grc' dir='ltr'>ιιιλαιὸς.</span> <span class='ocrx_word' id='word_1_635' title='bbox 1112 4991 1152 5059; x_wconf 80' lang='lat' dir='ltr'><strong>(t)</strong></span> <span class='ocrx_word' id='word_1_636' title='bbox 1172 4990 1263 5045; x_wconf 85' lang='lat' dir='ltr'><strong>Locus</strong></span> <span class='ocrx_word' id='word_1_637' title='bbox 1285 4988 1388 5053; x_wconf 89' lang='lat' dir='ltr'><strong>editus,</strong></span> <span class='ocrx_word' id='word_1_638' title='bbox 1404 4988 1434 5043; x_wconf 93' lang='lat' dir='ltr'><strong>in</strong></span> <span class='ocrx_word' id='word_1_639' title='bbox 1461 5005 1517 5059; x_wconf 92' lang='lat' dir='ltr'><strong>quo</strong></span> <span class='ocrx_word' id='word_1_640' title='bbox 1543 4987 1653 5059; x_wconf 87' lang='lat' dir='ltr'><strong>antiqui</strong></span> <span class='ocrx_word' id='word_1_641' title='bbox 1678 4989 1890 5059; x_wconf 78' lang='lat' dir='ltr'><strong>epricebantur.</strong></span> 
     </span>
    </p>

    <p class='ocr_par' dir='ltr' id='par_1_9' title="bbox 198 5053 1892 5248">
     <span class='ocr_line' id='line_1_58' title="bbox 233 5053 1835 5130; baseline 0.006 -21"><span class='ocrx_word' id='word_1_642' title='bbox 233 5053 274 5126; x_wconf 80' lang='lat' dir='ltr'><strong>(fl)</strong></span> <span class='ocrx_word' id='word_1_643' title='bbox 286 5056 316 5110; x_wconf 88' lang='lat' dir='ltr'><strong>ld</strong></span> <span class='ocrx_word' id='word_1_644' title='bbox 326 5059 370 5112; x_wconf 86' lang='lat' dir='ltr'><strong>est</strong></span> <span class='ocrx_word' id='word_1_645' title='bbox 382 5071 502 5111; x_wconf 87' lang='lat' dir='ltr'><strong>examen</strong></span> <span class='ocrx_word' id='word_1_646' title='bbox 513 5054 786 5113; x_wconf 83' lang='lat' dir='ltr'><strong>cathecumenorum</strong></span> <span class='ocrx_word' id='word_1_647' title='bbox 796 5057 927 5114; x_wconf 84' lang='lat' dir='ltr'><strong>habitum</strong></span> <span class='ocrx_word' id='word_1_648' title='bbox 949 5064 1023 5117; x_wconf 79' lang='lat' dir='ltr'><strong>tem</strong></span> <span class='ocrx_word' id='word_1_649' title='bbox 1076 5060 1251 5116; x_wconf 90' lang='lat' dir='ltr'><strong>Cubicubum</strong></span> <span class='ocrx_word' id='word_1_650' title='bbox 1268 5060 1362 5130; x_wconf 87' lang='lat' dir='ltr'><strong>majus</strong></span> <span class='ocrx_word' id='word_1_651' title='bbox 1377 5059 1753 5129; x_wconf 83' lang='lat' dir='ltr'><strong>acsuperiusvocatllucan</strong></span> <span class='ocrx_word' id='word_1_652' title='bbox 1779 5063 1835 5120; x_wconf 81' lang='lat' dir='ltr'><strong>ius.</strong></span> 
     </span>
     <span class='ocr_line' id='line_1_59' title="bbox 198 5125 1892 5248; baseline 0.008 -70"><span class='ocrx_word' id='word_1_653' title='bbox 198 5138 267 5248; x_wconf 60' lang='lat' dir='ltr'><strong>goie</strong></span> <span class='ocrx_word' id='word_1_654' title='bbox 280 5125 521 5195; x_wconf 85' lang='lat' dir='ltr'><strong>quadragesimali</strong></span> <span class='ocrx_word' id='word_1_655' title='bbox 529 5125 604 5182; x_wconf 87' lang='lat' dir='ltr'><strong>circs</strong></span> <span class='ocrx_word' id='word_1_656' title='bbox 615 5143 661 5182; x_wconf 89' lang='lat' dir='ltr'><strong>res</strong></span> <span class='ocrx_word' id='word_1_657' title='bbox 671 5126 747 5195; x_wconf 88' lang='lat' dir='ltr'><strong>fidei,</strong></span> <span class='ocrx_word' id='word_1_658' title='bbox 764 5145 819 5200; x_wconf 92' lang='lat' dir='ltr'><strong>quo</strong></span> <span class='ocrx_word' id='word_1_659' title='bbox 834 5130 1023 5213; x_wconf 85' lang='lat' dir='ltr'><strong>explorabant</strong></span> <span class='ocrx_word' id='word_1_660' title='bbox 1112 5131 1297 5203; x_wconf 64' lang='lat' dir='ltr'><strong>(otsynouus</strong></span> <span class='ocrx_word' id='word_1_661' title='bbox 1311 5130 1364 5184; x_wconf 88' lang='lat' dir='ltr'><strong>ista</strong></span> <span class='ocrx_word' id='word_1_662' title='bbox 1381 5129 1525 5185; x_wconf 83' lang='lat' dir='ltr'><strong>celebrata</strong></span> <span class='ocrx_word' id='word_1_663' title='bbox 1539 5128 1594 5184; x_wconf 92' lang='lat' dir='ltr'><strong>fuit</strong></span> <span class='ocrx_word' id='word_1_664' title='bbox 1618 5146 1694 5185; x_wconf 86' lang='lat' dir='ltr'><strong>enno</strong></span> <span class='ocrx_word' id='word_1_665' title='bbox 1720 5131 1731 5184; x_wconf 92' lang='lat' dir='ltr'><strong>l</strong></span> <span class='ocrx_word' id='word_1_666' title='bbox 1778 5136 1806 5197; x_wconf 83' lang='lat'><strong>5,</strong></span> <span class='ocrx_word' id='word_1_667' title='bbox 1830 5135 1892 5190; x_wconf 80' lang='lat' dir='ltr'><strong>circa</strong></span> 
     </span>
    </p>

    <p class='ocr_par' dir='ltr' id='par_1_10' title="bbox 220 5193 1893 5276">
     <span class='ocr_line' id='line_1_60' title="bbox 220 5193 1893 5276; baseline 0.009 -30"><span class='ocrx_word' id='word_1_668' title='bbox 220 5193 501 5263; x_wconf 89' lang='lat' dir='ltr'><strong>deiprofessores,an</strong></span> <span class='ocrx_word' id='word_1_669' title='bbox 516 5194 809 5255; x_wconf 88' lang='lat' dir='ltr'><strong>illiessentidoneiad</strong></span> <span class='ocrx_word' id='word_1_670' title='bbox 826 5200 1021 5271; x_wconf 89' lang='lat' dir='ltr'><strong>recipiendum</strong></span> <span class='ocrx_word' id='word_1_671' title='bbox 1077 5201 1202 5257; x_wconf 88' lang='lat' dir='ltr'><strong>inediam</strong></span> <span class='ocrx_word' id='word_1_672' title='bbox 1219 5200 1487 5270; x_wconf 72' lang='lat' dir='ltr'><strong>Quadragesimam</strong></span> <span class='ocrx_word' id='word_1_673' title='bbox 1504 5205 1575 5255; x_wconf 89' lang='lat' dir='ltr'><strong>teste</strong></span> <span class='ocrx_word' id='word_1_674' title='bbox 1595 5201 1768 5270; x_wconf 79' lang='lat' dir='ltr'><strong>bertholdo,</strong></span> <span class='ocrx_word' id='word_1_675' title='bbox 1782 5206 1893 5276; x_wconf 80' lang='lat' dir='ltr'><strong>quiem</strong></span> 
     </span>
    </p>
   </div>
   <div class='ocr_carea' id='block_1_6' title="bbox 1430 4144 1896 4217">
    <p class='ocr_par' dir='ltr' id='par_1_11' title="bbox 1430 4144 1896 4217">
     <span class='ocr_line' id='line_1_61' title="bbox 1430 4144 1896 4217; baseline 0.004 -16"><span class='ocrx_word' id='word_1_676' title='bbox 1430 4144 1514 4201; x_wconf 84' lang='lat' dir='ltr'><strong>talico</strong></span> <span class='ocrx_word' id='word_1_677' title='bbox 1539 4145 1676 4202; x_wconf 85' lang='lat' dir='ltr'><strong>idiomate</strong></span> <span class='ocrx_word' id='word_1_678' title='bbox 1687 4145 1853 4217; x_wconf 74' lang='lat' dir='ltr'><strong>significare</strong></span> <span class='ocrx_word' id='word_1_679' title='bbox 1865 4148 1896 4203; x_wconf 82' lang='lat' dir='ltr'><strong>vi·</strong></span> 
     </span>
    </p>
   </div>
   <div class='ocr_carea' id='block_1_7' title="bbox 199 5264 1893 5619">
    <p class='ocr_par' dir='ltr' id='par_1_12' title="bbox 199 5264 1893 5348">
     <span class='ocr_line' id='line_1_62' title="bbox 199 5264 1893 5348; baseline 0.009 -30"><span class='ocrx_word' id='word_1_680' title='bbox 199 5278 312 5345; x_wconf 83' lang='lat' dir='ltr'><strong>sacrum</strong></span> <span class='ocrx_word' id='word_1_681' title='bbox 333 5264 477 5348; x_wconf 76' lang='lat' dir='ltr'><strong>lavacrum</strong></span> <span class='ocrx_word' id='word_1_682' title='bbox 506 5266 536 5321; x_wconf 94' lang='lat' dir='ltr'><strong>in</strong></span> <span class='ocrx_word' id='word_1_683' title='bbox 562 5268 694 5337; x_wconf 87' lang='lat' dir='ltr'><strong>proximo</strong></span> <span class='ocrx_word' id='word_1_684' title='bbox 722 5269 846 5326; x_wconf 83' lang='lat' dir='ltr'><strong>Subbato</strong></span> <span class='ocrx_word' id='word_1_685' title='bbox 862 5275 971 5337; x_wconf 87' lang='lat' dir='ltr'><strong>sancto,</strong></span> <span class='ocrx_word' id='word_1_686' title='bbox 993 5279 1023 5327; x_wconf 92' lang='lat' dir='ltr'><strong>ut</strong></span> <span class='ocrx_word' id='word_1_687' title='bbox 1075 5271 1234 5327; x_wconf 85' lang='lat' dir='ltr'><strong>luculenter</strong></span> <span class='ocrx_word' id='word_1_688' title='bbox 1259 5271 1403 5336; x_wconf 84' lang='lat' dir='ltr'><strong>describit,</strong></span> <span class='ocrx_word' id='word_1_689' title='bbox 1439 5270 1595 5341; x_wconf 87' lang='lat' dir='ltr'><strong>asseritque</strong></span> <span class='ocrx_word' id='word_1_690' title='bbox 1618 5276 1678 5326; x_wconf 88' lang='lat' dir='ltr'><strong>tani</strong></span> <span class='ocrx_word' id='word_1_691' title='bbox 1722 5272 1893 5346; x_wconf 81' lang='lat' dir='ltr'><strong>frequentem</strong></span> 
     </span>
    </p>

    <p class='ocr_par' dir='ltr' id='par_1_13' title="bbox 199 5333 1892 5619">
     <span class='ocr_line' id='line_1_63' title="bbox 199 5333 1892 5411; baseline 0.005 -21"><span class='ocrx_word' id='word_1_692' title='bbox 199 5349 233 5390; x_wconf 90' lang='lat' dir='ltr'><strong>ex</strong></span> <span class='ocrx_word' id='word_1_693' title='bbox 254 5333 322 5388; x_wconf 88' lang='lat' dir='ltr'><strong>licat</strong></span> <span class='ocrx_word' id='word_1_694' title='bbox 337 5334 457 5390; x_wconf 80' lang='lat' dir='ltr'><strong>Macrini</strong></span> <span class='ocrx_word' id='word_1_695' title='bbox 470 5352 499 5390; x_wconf 92' lang='lat' dir='ltr'><strong>in</strong></span> <span class='ocrx_word' id='word_1_696' title='bbox 514 5336 696 5394; x_wconf 89' lang='lat' dir='ltr'><strong>hierolexico.</strong></span> <span class='ocrx_word' id='word_1_697' title='bbox 1077 5342 1173 5406; x_wconf 87' lang='lat' dir='ltr'><strong>fuisse,</strong></span> <span class='ocrx_word' id='word_1_698' title='bbox 1184 5345 1216 5396; x_wconf 87' lang='lat' dir='ltr'><strong>ut</strong></span> <span class='ocrx_word' id='word_1_699' title='bbox 1234 5342 1271 5395; x_wconf 89' lang='lat' dir='ltr'><strong>ad</strong></span> <span class='ocrx_word' id='word_1_700' title='bbox 1292 5340 1371 5395; x_wconf 90' lang='lat' dir='ltr'><strong>illam</strong></span> <span class='ocrx_word' id='word_1_701' title='bbox 1417 5346 1518 5396; x_wconf 89' lang='lat' dir='ltr'><strong>untuor</strong></span> <span class='ocrx_word' id='word_1_702' title='bbox 1545 5340 1637 5396; x_wconf 83' lang='lat' dir='ltr'><strong>inillis</strong></span> <span class='ocrx_word' id='word_1_703' title='bbox 1661 5341 1846 5411; x_wconf 88' lang='lat' dir='ltr'><strong>clericorum,</strong></span> <span class='ocrx_word' id='word_1_704' title='bbox 1871 5352 1892 5401; x_wconf 85' lang='lat' dir='ltr'><strong>et</strong></span> 
     </span>
     <span class='ocr_line' id='line_1_64' title="bbox 245 5360 1892 5490; baseline 0.007 -31"><span class='ocrx_word' id='word_1_705' title='bbox 245 5406 275 5474; x_wconf 89' lang='grc'><strong>6)</strong></span> <span class='ocrx_word' id='word_1_706' title='bbox 286 5405 341 5486; x_wconf 82' lang='lat' dir='ltr'><strong>Seu</strong></span> <span class='ocrx_word' id='word_1_707' title='bbox 356 5402 459 5485; x_wconf 84' lang='lat' dir='ltr'><strong>potius,</strong></span> <span class='ocrx_word' id='word_1_708' title='bbox 471 5405 553 5487; x_wconf 65' lang='lat' dir='ltr'><strong>Pallii</strong></span> <span class='ocrx_word' id='word_1_709' title='bbox 569 5408 703 5466; x_wconf 85' lang='lat' dir='ltr'><strong>missione</strong></span> <span class='ocrx_word' id='word_1_710' title='bbox 715 5412 927 5468; x_wconf 86' lang='lat' dir='ltr'><strong>confirmatum.</strong></span> <span class='ocrx_word' id='word_1_711' title='bbox 1095 5414 1227 5484; x_wconf 86' lang='lat' dir='ltr'><strong>lusquam</strong></span> <span class='ocrx_word' id='word_1_712' title='bbox 1237 5411 1354 5484; x_wconf 83' lang='lat' dir='ltr'><strong>triginta</strong></span> <span class='ocrx_word' id='word_1_713' title='bbox 1364 5360 1455 5466; x_wconf 60' lang='lat' dir='ltr'><strong>mihis</strong></span> <span class='ocrx_word' id='word_1_714' title='bbox 1464 5410 1603 5467; x_wconf 89' lang='lat' dir='ltr'><strong>laicorum</strong></span> <span class='ocrx_word' id='word_1_715' title='bbox 1615 5413 1792 5472; x_wconf 82' lang='lat' dir='ltr'><strong>conduxisse</strong></span> <span class='ocrx_word' id='word_1_716' title='bbox 1813 5418 1892 5490; x_wconf 85' lang='lat' dir='ltr'><strong>perfil-</strong></span> 
     </span>
     <span class='ocr_line' id='line_1_65' title="bbox 248 5430 1093 5550; baseline 0.011 -21"><span class='ocrx_word' id='word_1_717' title='bbox 248 5477 277 5543; x_wconf 85' lang='grc'><strong>’1)</strong></span> <span class='ocrx_word' id='word_1_718' title='bbox 292 5476 384 5531; x_wconf 82' lang='lat' dir='ltr'><strong>litium</strong></span> <span class='ocrx_word' id='word_1_719' title='bbox 398 5474 443 5530; x_wconf 91' lang='lat' dir='ltr'><strong>bic</strong></span> <span class='ocrx_word' id='word_1_720' title='bbox 454 5476 566 5532; x_wconf 90' lang='lat' dir='ltr'><strong>videtur</strong></span> <span class='ocrx_word' id='word_1_721' title='bbox 578 5479 730 5550; x_wconf 88' lang='lat' dir='ltr'><strong>legendum</strong></span> <span class='ocrx_word' id='word_1_722' title='bbox 743 5484 785 5537; x_wconf 79' lang='lat' dir='ltr'><strong>ns&#39;l</strong></span> <span class='ocrx_word' id='word_1_723' title='bbox 794 5484 909 5539; x_wconf 83' lang='lat' dir='ltr'><strong>mirem.</strong></span> <span class='ocrx_word' id='word_1_724' title='bbox 1074 5430 1093 5538; x_wconf 58' lang='lat' dir='ltr'>E</span> 
     </span>
     <span class='ocr_line' id='line_1_66' title="bbox 236 5545 538 5619; baseline 0.007 -18"><span class='ocrx_word' id='word_1_725' title='bbox 236 5548 269 5619; x_wconf 78' lang='grc'><strong>(,)</strong></span> <span class='ocrx_word' id='word_1_726' title='bbox 285 5547 318 5601; x_wconf 79' lang='lat' dir='ltr'><strong>l.</strong></span> <span class='ocrx_word' id='word_1_727' title='bbox 336 5547 362 5604; x_wconf 86' lang='lat' dir='ltr'><strong>l.</strong></span> <span class='ocrx_word' id='word_1_728' title='bbox 374 5545 538 5619; x_wconf 79' lang='lat' dir='ltr'><strong>prohiberet.</strong></span> 
     </span>
    </p>
   </div>
   <div class='ocr_carea' id='block_1_8' title="bbox 1094 5491 1204 5540">
    <p class='ocr_par' dir='ltr' id='par_1_14' title="bbox 1094 5491 1204 5540">
     <span class='ocr_line' id='line_1_67' title="bbox 1094 5491 1204 5540; baseline 0 -1"><span class='ocrx_word' id='word_1_729' title='bbox 1094 5491 1204 5540; x_wconf 90' lang='lat' dir='ltr'><strong>eantur.</strong></span> 
     </span>
    </p>
   </div>
   <div class='ocr_carea' id='block_1_9' title="bbox 0 0 1946 6050">
    <p class='ocr_par' dir='ltr' id='par_1_15' title="bbox 0 0 1946 6050">
     <span class='ocr_line' id='line_1_68' title="bbox 0 0 1946 6050; baseline 0 0"><span class='ocrx_word' id='word_1_730' title='bbox 0 0 1946 6050; x_wconf 95' lang='lat' dir='ltr'><strong> </strong></span> 
     </span>
    </p>
   </div>
  </div>
 </body>
</html>
