3884 6050
212 238 289 300 1181
718 237 750 298 S.
771 235 925 299 ottonis
945 232 1224 296 BAMBBRGENSIS
1244 236 1406 299 episcopt
1839 234 1919 294 1288

209 367 365 438 sanguinis
380 366 491 424 Domini
507 366 692 426 terminanda
718 366 895 434 interdictio,
911 366 968 424 nisi
982 382 1034 423 no·
1049 368 1074 428 d
1089 365 1178 422 veniri
1188 365 1372 441 baudpotuit
1385 371 1529 424 Avermm
1538 365 1686 426 adalberti
1696 381 1768 439 erga
1779 365 1921 423 Ottonem

209 461 277 515 aba
291 455 442 529 petitionis
452 455 607 527 diligentia
619 456 674 514 boc
688 456 879 530 pervenisset,
888 462 915 513 et
923 454 1034 513 eximia
1088 453 1223 511 animum
1235 456 1365 529 produnt
1373 456 1463 513 etiam
1472 455 1537 528 ejus
1548 455 1651 512 litteras
1658 454 1727 512 satis
1739 453 1872 511 tumidas
1887 452 1921 510 ed

209 545 374 603 sanctitatis
397 549 501 603 vestrm
523 545 696 611 reverentia,
724 560 763 603 ne
786 545 814 602 id
835 545 928 613 fieret,
951 545 1033 616 apud
1088 541 1211 615 clerum,
1228 544 1374 618 primores
1395 550 1424 602 et
1455 543 1590 601 subditos
1604 544 1849 616 bambergenses
1865 543 1920 599 bac

208 633 368 691 Ecclesiam
380 633 600 706 promeruisset.
614 633 729 701 ouibus
745 633 1033 692 simulooncurrcnti-
1087 631 1152 704 ipsa
1164 633 1324 691 occasione
1336 634 1411 691 datae
1425 635 1485 706 (64)
1502 651 1509 688 :
1527 654 1540 686 a
1556 632 1615 690 Nos
1629 632 1658 689 in
1671 639 1789 704 partem
1798 636 1920 705 aposto

207 722 1033 796 buscausisetcooperantibusboctandemobtinuimus
1088 720 1151 777 licre
1177 721 1381 778 sollicitudinis
1396 722 1501 790 vocati,
1526 720 1685 793 iungentes
1711 726 1820 780 tenore
1845 721 1919 776 vicis

208 810 327 884 nequid
341 811 502 868 severitatis
532 816 632 868 restra
663 811 775 869 subiret
788 810 917 881 dilectio,
946 811 1034 883 cuius
1087 809 1175 867 nobis
1188 808 1920 884 delegatae,quiascimusanathemaercommuni·

207 899 353 958 hacteuus
367 899 398 957 in
411 899 539 957 Ecclesia
552 900 692 957 valuisset
705 900 834 958 devotio.
848 900 976 972 Dignum
987 899 1032 955 ni·
1088 902 1161 956 cate
1176 898 1397 956 communionis
1408 899 1485 956 inter
1498 915 1552 956 vos
1566 914 1640 966 esse,
1654 898 1868 956 interdicimus
1889 898 1918 954 in

208 987 319 1046 mirum
332 988 491 1046 arbitratus
510 989 622 1061 sum‚in
648 989 790 1047 omnibus
810 989 918 1046 honori
932 995 1033 1046 vestro
1088 986 1169 1044 omni
1177 988 1244 1045 loco
1255 987 1313 1045 hoc
1326 987 1436 1046 divinis
1450 986 1565 1055 officiis,
1589 987 1680 1045 verbo
1693 987 1816 1045 Domini
1831 991 1863 1043 et
1874 988 1919 1059 ju-

208 1079 237 1134 et
247 1075 418 1134 reverentie
432 1078 662 1149 parcendum,et
676 1093 827 1150 proposse
839 1077 946 1135 lococt
959 1080 1034 1135 tem·
1088 1076 1161 1133 dicio
1176 1076 1410 1151 Spiritussancti,
1425 1077 1563 1150 usquead
1571 1075 1809 1135 satislactionem
1825 1075 1917 1133 vestri

207 1165 272 1239 pori
285 1165 442 1238 providere
451 1172 479 1223 et
491 1166 657 1235 consulere,
667 1181 734 1222 cum
751 1166 916 1223 sanctitatis
927 1170 1033 1222 vestras
1087 1165 1229 1239 episcopi.
1245 1185 1260 1218 s
1274 1166 1382 1223 Verum
1393 1165 1482 1224 bruta
1494 1165 1692 1223 haoiulmiira
1704 1165 1790 1224 tacite
1804 1172 1918 1223 averte·

207 1253 323 1312 dilectio
333 1253 418 1311 beata
437 1269 549 1326 magno
562 1270 593 1311 se
620 1253 736 1312 devote
765 1254 914 1312 charitatis
944 1253 1034 1311 nobis
1088 1254 1125 1311 rit
1134 1254 1362 1328 episcopus,qui
1376 1257 1544 1313 Romanum
1558 1270 1612 1328 pro
1627 1270 1659 1312 se
1676 1254 1764 1312 debet
1778 1254 1917 1312 defenso

207 1342 381 1415 obligaverit
394 1357 527 1399 munere.
540 1342 879 1401 »ntcconsecmtionem
895 1358 984 1400 auam
997 1341 1033 1399 ab
1087 1359 1162 1400 rem.
1181 1342 1292 1401 Saltem
1311 1342 1386 1416 quid
1412 1342 1482 1400 inde
1508 1347 1700 1401 consecutum
1727 1342 1775 1411 sit,
1809 1341 1916 1400 nullibi

208 1432 314 1490 ottone
325 1432 822 1504 acceptamintelligit.«boemiam,
834 1432 1035 1491 sicutinman·
1088 1431 1238 1503 proditum
1259 1430 1396 1503 legimus.

208 1520 313 1578 datum
323 1521 500 1595 accepimns,
516 1521 740 1593 denuntiamus,
753 1526 785 1578 ut
799 1523 839 1579 ad
850 1521 1035 1579 conciliumv
1126 1518 1218 1576 ltliltll
1231 1518 1288 1576 Sed
1298 1520 1362 1590 jam
1376 1535 1395 1576 a
1413 1518 1590 1578 turbulentis
1613 1518 1660 1576 bis
1675 1519 1714 1576 ad
1726 1518 1778 1593 pia
1798 1522 1913 1579 ottonis

208 1608 413 1668 Kalendarum
425 1610 544 1680 augusti
557 1609 732 1668 fridislariae
746 1627 765 1667 a
779 1611 923 1684 predicto
934 1609 1034 1682 legato
1089 1609 1210 1680 negotia
1221 1613 1503 1665 revertamur.Anno
1518 1609 1665 1678 illimem
1676 1608 1706 1664 in
1721 1608 1806 1667 ltalia
1830 1627 1912 1683 aeque

208 1698 420 1759 celebrandum
446 1700 648 1757 indubitanter
679 1699 817 1767 veniatis,
833 1715 871 1757 ne
901 1704 930 1758 et
941 1699 1035 1772 hujus
1051 1729 1075 1790 B
1089 1697 1289 1755 acdermania
1299 1702 1384 1755 terrae
1397 1702 1496 1754 motus
1508 1696 1637 1771 plurima
1649 1697 1764 1772 passim
1785 1699 1913 1756 aedilicia

209 1788 510 1860 mandati'neglector
541 1788 651 1845 effusus
677 1789 850 1846 austerioris
880 1789 1034 1847 sententie
1089 1791 1240 1853 everteret,
1254 1785 1525 1859 edamuamnerge
1547 1786 1702 1844 monaterii
1717 1787 1744 1843 S.
1765 1786 1911 1846 Michaelis

207 1878 371 1949 decretum,
383 1893 451 1935 mea
460 1877 600 1951 petitione
614 1878 655 1934 nil
684 1878 814 1951 amplius
847 1878 1033 1952 prevalente,
1089 1875 1348 1942 ecclesia,aliunde
1363 1878 1558 1933 cxvetnstate
1570 1874 1914 1944 scissa‚adeoconcussa

208 1964 448 2023 vobisindicatis.
463 1988 478 2017 a
491 1964 822 2039 Sedethauosynodnm
831 1967 1035 2040 supersedisse
1089 1970 1143 2036 est,
1158 1963 1290 2022 uttotius
1317 1963 1445 2021 coenobii
1458 1962 1578 2021 ruinam
1609 1963 1802 2023 minitaretur.
1835 1967 1914 2025 Hanc

208 2054 353 2112 evincitur
362 2055 472 2112 Oltoex
484 2053 690 2126 aliisejusdem
705 2055 859 2113 Adalberti
870 2055 1035 2129 litterisldl)
1089 2052 1188 2126 igitur,
1200 2058 1232 2110 ut
1243 2052 1328 2110 babet
1345 2052 1461 2126 primus
1491 2053 1563 2110 Vitae
1595 2053 1756 2126 scriptor«
1776 2053 1914 2112 abunda·

211 2143 688 2215 ‹excommunicationemqnam
695 2144 1035 2202 communicatoiratrnm
1090 2147 1191 2199 mento
1207 2143 1394 2208 destruxitet
1404 2141 1517 2213 ingenti
1531 2147 1650 2215 sumptu
1662 2158 1697 2199 ac
1712 2144 1840 2215 pecunia
1857 2162 1915 2202 ma·

210 2236 238 2289 et
251 2231 420 2306 principum
428 2231 564 2298 concilio,
580 2231 638 2304 (62)
651 2232 680 2288 in
693 2232 777 2303 regni
787 2232 1036 2291 invasorcmieci·
1086 2231 1160 2304 joris
1173 2235 1202 2288 et
1212 2230 1357 2304 elegantis
1377 2230 1498 2288 iubricae
1518 2230 1729 2287 monasterium
1746 2232 1778 2288 in
1795 2233 1914 2290 laudem

210 2320 510 2394 mus‚«jamdudnm
528 2319 704 2377 fraternitati
718 2324 822 2378 vestrm
851 2337 902 2394 per
923 2321 1035 2380 litteras
1090 2326 1119 2379 et
1132 2319 1258 2392 gloriam
1274 2319 1327 2377 Dei
1341 2324 1369 2378 et
1390 2319 1498 2377 militie
1513 2319 1638 2377 coelestis
1652 2321 1751 2378 erexit.
1761 2321 1915 2394 Stipendia

210 2408 1035 2482 nostrassignificavimus.»Sedquladubitamus,ntrum
1089 2424 1211 2483 quoque
1226 2409 1351 2469 fratrum
1362 2408 1655 2483 talentisplusquam
1663 2410 1830 2483 nonaginta
1844 2412 1917 2468 redi·

212 2498 310 2555 advos
319 2497 508 2570 pervenirent
519 2496 633 2565 litterar,
647 2520 661 2549 «
677 2497 849 2556 audivimus
860 2500 1035 2574 enim,quod
1089 2504 1174 2557 tuum
1190 2514 1244 2573 per
1256 2498 1392 2570 singulos
1407 2513 1504 2555 annos
1516 2497 1781 2557 cumulavitllulla
1794 2516 1916 2574 quoque

212 2586 341 2645 Ecclesia
353 2590 453 2644 vestra
459 2585 528 2643 velit
541 2600 593 2643 eas
602 2586 749 2660 ignorare,
758 2609 772 2638 n
780 2588 924 2645 mittimus
932 2588 1035 2645 lterum
1089 2588 1372 2647 ornamentaeidem
1385 2587 1452 2645 loco
1462 2588 1761 2661 contulit,ipsumque
1771 2591 1916 2663 usquead

211 2681 374 2750 presentes
385 2674 513 2750 aspices,
524 2681 688 2742 monentes,
696 2680 727 2731 ut
739 2675 822 2750 quod
834 2676 1035 2748 leotmnnnnn,
1091 2677 1286 2734 novissimam
1299 2677 1403 2735 tubam
1411 2683 1548 2735 etvooem
1560 2677 1613 2734 titii
1626 2678 1678 2735 Dei
1690 2678 1790 2735 locum
1803 2678 1916 2736 habita·

210 2769 241 2824 et
252 2764 478 2837 vosiaciatis‚el
492 2779 655 2837 peromnes
666 2764 1035 2840 ecclesiasvostrasipsum
1089 2766 1180 2823 tionis
1196 2781 1252 2823 suo
1263 2767 1434 2823 venerando
1454 2766 1571 2839 corpori
1596 2766 1692 2837 elegit.
1708 2784 1725 2821 n
1739 2767 1799 2823 Sed
1813 2767 1855 2824 de
1873 2767 1913 2824 hia

209 2854 372 2928 iniquitatis
382 2856 534 2910 auctorem
545 2868 615 2910 cum
627 2852 793 2910 fautoribus
803 2853 865 2911 suis
877 2869 1036 2913 acommu·
1088 2854 1208 2929 plenius
1222 2854 1300 2913 inira
1311 2854 1341 2910 in
1352 2855 1429 2912 illius
1444 2856 1617 2914 monasterii
1627 2855 1753 2913 historia
1768 2856 1913 2915 disseren-

209 2943 300 3000 nione
312 2942 479 2999 Christiana
493 2941 611 2998 etomni
626 2942 728 2998 divino
742 2940 839 2999 offlcio
860 2944 1034 3018 arceriprm-
1088 2943 1160 3001 dum
1179 2943 1244 3003 erit.

208 3032 332 3106 cipiatis.
349 3053 364 3084 n
379 3032 504 3089 Litteras
516 3030 746 3104 hasprimuma.
758 3033 823 3089 tlte
833 3034 1032 3106 essescriptas
1123 3034 1241 3090 Xltltlll.
1255 3035 1331 3091 lnter
1340 3034 1518 3092 donationes
1526 3034 1597 3092 huic
1611 3034 1752 3093 coenobio
1769 3034 1869 3093 tactas
1878 3037 1912 3093 ab

208 3121 352 3181 indicium
366 3128 410 3179 est
419 3120 518 3178 titulus
531 3121 621 3193 legati
632 3121 711 3179 sedis
737 3122 921 3195 apostolicas,
946 3139 1033 3198 quem
1050 3094 1073 3155 c
1089 3122 1190 3180 Ottone
1204 3122 1301 3180 notari
1317 3122 1486 3197 praeprimis
1508 3123 1559 3181 illa
1582 3128 1720 3196 meretur,
1755 3141 1828 3198 qua,
1846 3131 1912 3183 teste

209 3210 265 3269 sibi
279 3211 338 3269 hoc
348 3211 473 3268 demum
487 3223 567 3267 anno
578 3209 610 3267 in
621 3210 725 3267 litteris
737 3209 839 3268 tribuit
845 3211 1033 3270 adalbertus.
1088 3210 1238 3277 ebbone«
1246 3211 1407 3269 Ecclesiam
1419 3213 1506 3283 Juxta
1519 3211 1641 3283 athach,
1657 3211 1849 3271 hereditario
1862 3214 1913 3269 sibi

209 3299 269 3359 Nisi
283 3300 358 3358 torte
370 3299 408 3356 ad
421 3298 616 3356 tunbertum
627 3299 797 3372 depectant,
809 3300 1035 3373 quiconradum
1086 3299 1154 3372 Jure
1166 3301 1328 3374 propriam,
1343 3301 1504 3358 monasteri
1515 3299 1613 3358 eidem
1628 3316 1698 3358 cum
1712 3299 1836 3359 duabus
1850 3302 1914 3359 aliis

209 3388 318 3446 ducem
332 3387 417 3458 regni
429 3389 533 3445 conns
555 3387 726 3444 lotharium
748 3387 919 3447 invasorem
945 3388 1036 3446 simili
1089 3388 1223 3446 ecclesiis
1237 3389 1367 3456 donarit,
1381 3388 1421 3446 ob
1436 3390 1614 3447 memoriam
1623 3389 1758 3447 videlicet
1769 3392 1818 3447 sui
1835 3412 1849 3444 ι
1867 3407 1913 3464 pa·

211 3491 301 3550 prena
315 3474 423 3533 affecit.
1089 3480 1269 3552 reatumque
1295 3492 1414 3535 suorum
1429 3477 1499 3535 inibi
1530 3493 1656 3552 corpore
1680 3479 1912 3553 quiescentium.

245 3562 335 3621 xxxi.
355 3561 475 3619 Miratur
509 3560 669 3619 nobiscum
695 3561 838 3620 callesius
857 3563 934 3635 ’(63),
961 3563 1036 3637 quid
1090 3565 1231 3623 Parentes
1245 3566 1379 3639 episcopi
1395 3566 1531 3623 Ottonem
1545 3572 1575 3624 et
1588 3567 1787 3625 adelheidam
1801 3584 1838 3626 ex
1852 3585 1915 3643 pro

211 3667 311 3710 cauare
324 3650 421 3719 tuerit,
435 3666 488 3708 cur
502 3649 568 3708 Otto
581 3652 803 3725 Bambsrgensis
816 3650 1037 3725 abhujusmodi
1090 3654 1190 3712 vincia
1208 3654 1442 3713 alamannorum
1457 3655 1631 3714 seuSuevia
1653 3671 1745 3729 supra
1770 3657 1914 3725 vidimus,

212 3739 331 3814 synodis
338 3737 475 3806 abluerit,
484 3744 605 3796 sanctus
619 3738 755 3813 alioquin
766 3739 917 3814 pressabat
928 3746 1037 3799 sancte
1090 3746 1192 3800 tamen
1207 3744 1245 3801 de
1257 3758 1361 3801 eorum
1376 3742 1491 3801 iamilia
1509 3748 1632 3801 constet.
1654 3743 1797 3817 Aliquam
1809 3746 1914 3804 saltem

211 3827 272 3888 sedi
285 3826 388 3902 siquis
399 3826 476 3884 alius
490 3827 636 3885 addictus.
652 3831 781 3887 Causam
801 3829 922 3902 conjicit
942 3830 974 3886 in
995 3830 1037 3887 iti·
1090 3831 1139 3889 bic
1152 3831 1249 3889 lucem
1259 3831 1386 3889 effundit
1400 3832 1507 3889 citatus
1522 3848 1560 3890 ex
1578 3831 1748 3906 biographo
1762 3832 1913 3901 locus,nbi

209 3934 284 3977 nera
301 3920 467 3976 adasarea
478 3916 608 3975 tectione
619 3918 751 3992 undique
768 3918 902 3989 obsessa,
913 3927 942 3976 et
952 3919 1036 3977 illum
1091 3922 1249 3992 Ottojuxta
1278 3920 1391 3978 Albucii
1419 3921 1572 3979 ecclesiam
1601 3922 1821 3980 «hereditario
1848 3923 1913 3996 J‘ure

210 4007 378 4082 pastoribus
391 4006 538 4064 intentum
559 4007 636 4065 curis
660 4008 874 4079 subterfugisse
902 4009 1034 4081 consilia,
1090 4007 1915 4085 propriam»habuisselegitunetcumibiaparentesejus

210 4110 279 4170 quae
289 4111 351 4153 non
366 4109 478 4165 magno
493 4106 566 4152 sane
581 4095 714 4153 Ecclesia
728 4095 932 4154 emolumento
942 4111 1037 4155 novas
1091 4096 1297 4170 sintscpulti,›
1307 4095 1915 4175 totuslocuscumviciniaadeosdemper

210 4200 324 4259 easque
332 4184 467 4256 ingentes
477 4185 642 4242 Germanias
660 4184 763 4241 turbas
785 4185 894 4243 datura
908 4185 1036 4243 timeret.
1090 4184 1744 4245 tinuissevidetur.LocumbunciuSueviaad
1759 4189 1915 4246 Brentaam

210 4275 347 4334 Ecclesia
360 4274 862 4344 enimsureresduntanatcurabat,
877 4275 1037 4334 decaeleris
1090 4288 1212 4331 amnem
1227 4273 1412 4332 constituunt
1426 4274 1590 4347 geographi
1615 4275 1647 4331 in
1660 4290 1739 4348 pago
1763 4275 1838 4335 alba
1849 4279 1914 4350 (66),

210 4366 295 4437 regni
308 4364 404 4423 turbis
416 4378 523 4438 parum
539 4363 682 4421 sollicitus
698 4380 705 4421 ε
721 4363 855 4422 imitatus
867 4365 897 4422 in
911 4365 970 4422 hoc
985 4367 1037 4423 Pa·
1090 4359 1915 4435 adeoqueincontinibuswurtembergensisetUlmensis

211 4453 342 4511 schalom
357 4453 449 4526 Ilqui
460 4453 490 4509 in
502 4451 630 4509 concilio
643 4452 834 4510 lateranensi
849 4469 877 4510 a.
891 4455 1037 4524 iliacum
1052 4451 1076 4511 l)
1092 4448 1572 4522 territoriimbiltecbbergensium
1578 4450 1722 4509 comitum
1734 4450 1915 4511 dominium

211 4558 318 4600 omnes
333 4542 491 4598 llenricum
505 4541 528 4595 V
540 4541 679 4598 damnari
694 4546 837 4615 peterent,
846 4542 1036 4599 investituras
1090 4538 1205 4596 Albucb
1215 4538 1375 4612 specialem
1386 4539 1469 4596 Albas
1479 4541 1551 4614 pagi
1562 4544 1690 4598 tractum
1701 4540 1794 4599 luisse
1806 4543 1915 4601 volunt

212 4633 242 4688 et
253 4634 361 4687 cetera
373 4628 413 4686 ab
427 4644 463 4685 eo
475 4643 633 4701 perperam
644 4634 726 4701 gesta
739 4630 916 4704 reprobasse
928 4635 1036 4689 conten
1089 4642 1179 4700 quem
1191 4642 1261 4685 vero
1275 4628 1430 4686 communi
1439 4628 1520 4685 Albe
1526 4630 1596 4702 pagi
1602 4630 1724 4687 nomine
1739 4634 1858 4690 censeri
1873 4649 1917 4690 as·

212 4724 271 4784 tus,
282 4732 420 4792 persone
434 4717 531 4774 adbuc
543 4717 684 4791 pepercit,
699 4719 818 4776 saniore
827 4722 1037 4792 quamGrego·
1089 4717 1159 4773 serit
1171 4716 1311 4773 besoldus
1325 4719 1392 4789 (66).
1404 4715 1498 4774 Albuc
1514 4718 1657 4776 tamenin
1673 4718 1761 4776 citato
1776 4722 1917 4794 scriptore

212 4808 276 4867 rius
292 4805 554 4863 Vllususconsilio.
567 4805 677 4864 Abhae
689 4812 790 4864 autem
801 4808 910 4879 agendi
921 4808 1036 4866 rabone
1089 4804 1171 4862 baud
1187 4804 1411 4876 intelligendum
1424 4820 1491 4863 esse
1501 4812 1615 4863 certum
1623 4807 1788 4879 quemdam
1801 4809 1918 4867 distric-

212 4914 280 4955 cum
293 4896 381 4970 longe
395 4894 512 4953 alienus
532 4899 609 4953 esset
633 4895 810 4953 audbertus
835 4898 1034 4968 lloguntinus,
1090 4898 1165 4959 tum,
1177 4893 1231 4950 sed
1243 4893 1339 4965 potius
1346 4893 1446 4951 locum
1460 4896 1683 4969 particularem,
1699 4897 1813 4955 indicat
1829 4900 1920 4957 eccle

212 4985 372 5045 turbulenti
380 4984 489 5055 ingenii
498 4983 591 5041 bomo
608 4988 636 5040 et
647 4983 764 5056 privato
778 4983 877 5057 potius
891 4986 922 5041 in
936 4985 1036 5042 ilenri-
1090 4982 1141 5038 sias
1154 4980 1349 5039 haereditariae
1361 4988 1391 5038 et
1400 4990 1554 5055 parentum
1566 4983 1606 5040 ibi
1621 4984 1783 5057 sepulture
1795 4988 1918 5045 mentio.

213 5088 283 5130 cum
298 5073 368 5131 odio
382 5088 476 5146 qoam
487 5072 607 5147 publloo
621 5071 702 5129 bono
723 5072 1036 5141 intentus,intertllnm
1089 5070 1184 5142 liujus
1200 5070 1329 5128 nominis
1344 5071 1418 5129 villas
1433 5071 1472 5129 ad
1484 5072 1628 5131 Brenaam
1639 5073 1775 5131 meminit
1790 5077 1918 5133 tlunste·

212 5164 242 5218 et
255 5162 393 5219 Ottonem
402 5160 497 5218 vuum
509 5160 701 5233 pacificumet
710 5160 795 5235 pacis
803 5167 957 5220 amantem
966 5178 1037 5220 con·
1090 5174 1141 5216 rus
1155 5160 1221 5234 (67),
1232 5159 1314 5218 illam
1329 5176 1400 5218 vero
1414 5161 1445 5217 in
1458 5161 1711 5238 nullishucusque
1722 5165 1920 5239 mappisgsc

261 5299 292 5358 dl
320 5300 437 5383 Ludnig
448 5300 505 5383 loc.
514 5300 573 5367 cit,
585 5319 612 5373 p.
628 5300 690 5358 aas.
1125 5301 1184 5373 (65)
1200 5301 1306 5360 Chaon.
1321 5303 1465 5375 Gottvvic.,
1489 5319 1520 5375 p.
1536 5305 1599 5363 tat.

261 5373 296 5428 66
319 5372 351 5429 16
361 5370 570 5428 Frrdrslarrensi
583 5373 705 5429 coneilio
719 5389 745 5430 a.
760 5372 841 5430 tlte.
1126 5377 1183 5444 (66)
1197 5374 1322 5432 Docum.
1333 5375 1421 5432 rediv.
1436 5381 1567 5435 monast.
1575 5376 1745 5440 wurtemb.
1759 5382 1820 5439 reb
1837 5378 1912 5445 edit,

250 5445 294 5506 tot
321 5441 426 5500 dunat.
441 5445 540 5499 ecdes.
556 5444 651 5500 Germ.
665 5447 686 5499 t.
698 5445 744 5510 vt,
754 5461 783 5516 p.
795 5460 816 5510 r,
830 5462 858 5517 p.
871 5446 925 5508 169
1090 5460 1123 5521 p.
1137 5447 1200 5502 326.

250 5514 297 5593 (61
321 5513 438 5582 Eccard,
447 5513 517 5570 llist.
528 5515 605 5571 med.
625 5514 677 5572 evi
688 5518 710 5572 t.
723 5515 757 5583 tt,
774 5533 802 5589 p.
814 5520 877 5576 166.
1127 5516 1185 5593 (67)
1204 5517 1359 5590 cosmogr.
1371 5518 1398 5576 1.
1416 5532 1445 5589 r,
1458 5532 1484 5576 o.
1498 5520 1564 5577 211.
