3884 6050
72 218 126 275 stt
469 212 587 273 uasis
606 210 682 274 ABR.
702 208 860 273 TRUDON.
879 236 915 254 -
932 212 1172 276 contiuuarto
1190 218 1237 277 itt.
1258 222 1351 283 rias
1370 222 1391 281 Ι.
1730 224 1799 290 did·

72 339 219 413 loquendi
230 339 350 398 hcentla
368 340 517 398 visionem
530 340 651 399 indicat.
670 341 807 399 incitatis
828 356 900 413 ergo
915 336 939 393 Α
954 334 1111 398 inhonore
1126 348 1451 405 sanctorumtohannis
1466 348 1594 424 baptiste
1603 354 1782 413 etichannis

70 428 901 499 tratribus,mctntinlcumceleritatecantantur,incum·
955 429 1784 508 evangelistequartum,ouodestsubebsldaadlevarn

69 518 395 591 bentibusquedomno
404 518 514 576 abbate
524 520 903 578 Guntramncetoonrentn
956 520 1127 576 sanctuarii.
1137 521 1168 577 iu
1180 522 1294 580 honore
1306 532 1477 583 sanctorum
1491 531 1697 600 apostolorum
1708 519 1784 590 Patri

70 609 101 665 in
114 607 316 676 orationibus,
332 608 462 680 acceptis
483 606 645 681 disciplinis
669 612 697 666 et
714 609 902 667 confessione
956 612 986 664 et
998 607 1081 664 Pauli
1094 615 1123 666 et
1136 610 1264 668 aliorum
1285 615 1432 671 omnium.
1449 616 1557 674 Altaria
1575 634 1659 685 sero,
1678 633 1738 694 que
1752 622 1784 679 tn

68 697 214 754 omnium
232 695 322 762 iscis,
335 713 428 771 capsa
439 696 561 771 pretiosi
575 697 706 754 thesauri
720 698 861 770 aperitur,
874 703 903 755 et
956 696 1051 768 cripta
1061 703 1141 768 sunt,
1155 700 1196 757 sic
1211 704 1377 760 constituit:
1390 704 1564 778 principale,
1577 708 1661 780 quod
1673 713 1732 766 stat
1753 711 1785 768 in

68 802 177 844 rossus
192 784 348 843 aciluidus
361 787 488 856 sanguis
501 784 550 843 ille
564 802 661 860 usque
676 787 714 843 ad
727 802 902 859 supremam
957 785 1068 853 medio,
1080 786 1254 847 fundaritin
1269 792 1381 850 honore
1392 799 1493 851 sancte
1503 796 1650 854 Trinitatis
1665 805 1692 855 et
1701 798 1784 857 beate

68 874 209 932 inclinati
220 874 297 932 vitrii
304 873 418 932 rmculi
426 890 512 931 orem
522 874 645 932 linxime
653 875 811 932 invenitur,
821 874 903 932 teci·
958 872 1084 944 Virginis
1099 892 1135 933 ac
1147 879 1241 936 sancti
1254 880 1405 952 Stephani,
1416 883 1582 940 secundum
1594 884 1634 942 ed
1646 885 1785 945 dextram

68 971 164 1039 toque
174 963 324 1021 industrio
336 963 501 1029 aurifabro,
521 963 601 1022 circa
611 963 765 1021 rascrrluro
782 964 903 1037 pretiosi
955 960 1068 1021 ibidem
1083 965 1113 1022 in
1124 965 1236 1024 honore
1246 970 1341 1027 sancti
1354 972 1512 1037 Benedicti,
1524 977 1553 1029 et
1565 975 1690 1032 tercium
1698 978 1737 1034 ad
1745 976 1785 1033 le·

68 1053 231 1125 sanguinis
250 1051 368 1125 sperica
388 1051 528 1111 clausura
546 1053 746 1127 componitur,
763 1058 794 1112 et
814 1052 857 1111 sic
870 1053 902 1111 in
955 1066 1025 1108 ram
1040 1053 1129 1112 situm
1143 1055 1174 1112 in
1189 1057 1334 1115 honorem
1350 1059 1445 1117 sancti
1457 1061 1601 1132 Gregorii,
1618 1064 1677 1120 iliis
1687 1064 1785 1122 omni·

67 1142 171 1200 loenlo
186 1141 319 1215 undique
327 1142 444 1200 munito
457 1142 637 1201 reconditur.
648 1143 706 1200 lste
716 1142 903 1201 celestistbe·
956 1140 1015 1198 hus
1029 1143 1083 1199 rite
1095 1144 1244 1218 perlectis,
1261 1163 1370 1222 corpus
1390 1149 1501 1206 domne
1516 1152 1619 1208 Berthe
1631 1153 1785 1211 comitisse

68 1247 191 1297 murus,
209 1247 298 1305 quern
313 1246 404 1289 nemo
418 1230 542 1303 dubitet,
559 1231 633 1304 quin
661 1231 700 1291 sit
714 1232 858 1288 veraciter
870 1232 902 1289 in
956 1229 1102 1301 Flandrie,
1117 1234 1201 1306 qnod
1216 1235 1248 1291 in
1267 1236 1358 1292 reteri
1374 1237 1468 1310 cripta
1488 1243 1623 1313 tempore
1637 1240 1784 1299 Thietlridl

67 1320 386 1385 memonasterium
405 1319 592 1393 providentia
613 1319 814 1378 laudabilium
832 1324 902 1378 tunc
955 1319 1074 1376 abbatis
1084 1321 1243 1380 humatum
1251 1323 1312 1389 luit,
1321 1323 1455 1393 elevavit,
1465 1330 1493 1383 et
1503 1329 1542 1385 ad
1550 1329 1648 1386 leram
1659 1329 1784 1402 majoris

68 1410 228 1468 seniorum
242 1408 274 1465 in
295 1415 358 1467 tarn
372 1409 564 1467 seeretoloco
583 1413 696 1467 tutatus
717 1414 774 1474 est,
791 1410 824 1466 nt
846 1425 901 1467 nec
955 1407 1055 1465 altaris
1069 1407 1101 1464 in
1115 1412 1287 1469 sanctuario
1308 1414 1465 1488 transtulit,
1487 1421 1515 1473 et
1531 1418 1562 1473 in
1586 1418 1692 1475 tumba
1712 1419 1785 1477 erni·

68 1498 214 1556 incendio
225 1498 595 1572 poteriicocrunrpincque
605 1498 773 1571 predonum
788 1497 901 1556 riolen·
954 1497 1047 1564 nenti,
1061 1497 1154 1555 Partis
1166 1498 1319 1573 lapidibus
1329 1503 1432 1576 polita,
1446 1504 1524 1562 intra
1535 1505 1646 1564 voltam
1657 1507 1785 1565 honeste

69 1588 110 1646 na
123 1588 250 1645 antem.
955 1584 1109 1644 conclusit.
1126 1590 1160 1645 Et
1173 1590 1246 1661 quia
1259 1596 1327 1662 post
1340 1597 1426 1649 retus
1440 1595 1657 1663 sanctuarium,
1670 1595 1708 1654 dc
1722 1606 1785 1671 qun

101 1683 196 1734 Anao
217 1675 337 1734 Domini
358 1682 427 1750 post
444 1677 526 1734 hune
539 1679 620 1745 stat,
634 1676 752 1750 imperti
773 1677 936 1746 lothariig
955 1674 1083 1733 habetur
1095 1691 1187 1748 supra
1204 1677 1235 1734 in
1253 1678 1353 1751 primo
1368 1680 1446 1739 libro
1468 1683 1564 1755 prime
1589 1686 1682 1757 partis
1705 1686 1786 1760 capi-

66 1766 426 1840 annott,quidsmnostsr
438 1767 900 1825 sarriensnominetlnxelinusln
956 1762 1016 1821 tulo
1035 1764 1077 1835 li,
1094 1766 1228 1838 predicta
1241 1772 1326 1825 vetus
1343 1771 1438 1844 cripta
1458 1776 1531 1837 erat,
1552 1773 1676 1846 replerit
1700 1774 1784 1833 illam

66 1855 340 1914 ambrosiniane
351 1855 550 1914 beahltartini
562 1857 646 1921 (Nor.
664 1858 719 1922 iti),
741 1871 807 1914 sero
821 1857 901 1914 iacto
954 1854 1059 1926 hume,
1075 1859 1104 1911 et
1122 1854 1237 1911 ibidem
1251 1856 1375 1915 chorum
1396 1857 1589 1932 psallentium
1606 1862 1781 1922 construxit.

65 1946 182 2005 batum
198 1958 299 2012 suum,
315 1950 348 2003 ut
361 1945 516 2013 dormiret,
531 1961 621 2018 super
636 1946 737 2003 locum
752 1944 901 2019 sepulchri
954 1942 1134 2017 interquem
1146 1943 1257 2000 etillud
1267 1959 1380 2002 norum
1391 1948 1595 2005 sanctuarium
1608 1954 1727 2021 gratum
1737 1966 1784 2009 as·

66 2035 177 2097 domni
190 2034 308 2093 abbatis
319 2034 496 2091 tluntremni
511 2033 626 2092 stravit.
638 2038 675 2101 ts,
689 2051 758 2092 cum
774 2034 900 2108 pulsatis
955 2046 1081 2088 censum
1096 2032 1198 2098 erexit,
1214 2048 1306 2106 quem
1330 2040 1445 2107 septem
1467 2036 1612 2107 gradibus
1627 2040 1781 2111 protraxit.

67 2126 166 2199 signis
181 2129 213 2182 et
229 2122 354 2197 inceptis
369 2123 522 2180 matutinis
541 2138 560 2181 a
583 2124 655 2180 turri
676 2124 784 2195 majori
797 2123 900 2180 esiam
955 2120 1148 2193 Proseqnentl
1159 2136 1226 2178 vero
1235 2127 1379 2195 tempore,
1389 2140 1457 2181 cum
1469 2126 1596 2197 quedam
1607 2128 1782 2187 monasterii

69 2214 212 2275 cubitum
224 2213 290 2279 iret,
299 2216 504 2286 apparuerunt
517 2212 613 2285 eitres
623 2211 793 2285 spectabilis
806 2212 902 2269 lorme
954 2209 1217 2283 editiciaipersuos
1227 2214 1784 2276 antecessoresereotasedminuscom-

68 2305 135 2372 riri,
151 2302 251 2360 sacris
264 2301 397 2359 vatibus
416 2301 518 2360 amicti
532 2305 561 2358 et
582 2300 663 2359 clara
680 2302 762 2359 nube
776 2300 901 2359 eircum-
955 2298 1036 2372 plata
1060 2302 1201 2371 cerneret,
1218 2299 1258 2355 ad
1277 2300 1496 2371 perficiendum
1516 2317 1552 2359 ee
1575 2303 1711 2362 animum
1735 2318 1784 2364 ac·

69 2396 142 2461 dati,
159 2395 280 2451 stantss
290 2391 321 2448 in
333 2389 432 2448 medic
446 2389 619 2449 monasterii
631 2395 700 2448 ante
713 2390 900 2448 crucitixnm.
954 2387 1057 2444 cinxit.
1072 2389 1222 2461 Interque
1242 2389 1389 2461 majorem
1404 2392 1509 2447 turrim
1525 2395 1669 2460 nostram,
1689 2406 1784 2468 quam

70 2482 301 2554 ouornmiunns
311 2480 487 2537 eminentior
496 2478 654 2537 eliisvisus
663 2484 708 2536 est
718 2480 902 2551 gestarerir·
953 2477 1080 2536 devotus
1093 2476 1190 2534 abbas
1204 2478 1408 2537 Gunlramnus
1421 2495 1476 2537 suo
1486 2484 1620 2555 tempore
1635 2482 1784 2557 usquead

70 2567 900 2646 gampsstoralem,dominicecrncissignoinsignltam.
955 2565 1781 2645 mediumcumduabustestudinibuslapideisproduxit,

71 2657 414 2729 datdeulariottiiliiilo
426 2658 544 2715 interim
554 2661 623 2717 ante
636 2657 748 2715 lectum
763 2659 901 2731 sepulcro
954 2655 1010 2712 iste
1020 2654 1215 2729 superaddito
1228 2657 1316 2713 tercio
1327 2658 1507 2715 ascendendi
1519 2664 1607 2726 statu,
1617 2674 1681 2718 eam
1691 2662 1783 2734 paulo

70 2746 902 2823 abbatissnppositumtremuloetstupldcresidenti‚llls
955 2742 1110 2809 humilius,
1123 2742 1242 2800 duabus
1263 2745 1484 2802 collateralibus
1500 2753 1640 2813 erectam,
1663 2750 1783 2819 magnis

71 2836 297 2898 ammirationis
310 2850 438 2909 persone
451 2836 536 2910 quasi
550 2835 743 2906 indignantes
759 2840 789 2895 et
804 2835 902 2894 minas
956 2832 1103 2906 impensis
1110 2833 1342 2891 consummarit.
1354 2836 1592 2892 Pretereanavim
1600 2838 1784 2906 monasterii,

70 2931 257 2987 intentantes
266 2925 331 2982 nise
341 2931 412 2982 sunt
422 2925 450 2982 ei
459 2924 643 2998 appropiari,
654 2923 769 2982 seditio
781 2925 903 2983 metiou·
956 2921 1098 2996 quamvis
1109 2935 1303 2995 nequaquam
1313 2923 1480 2992 ruinosam,
1496 2926 1606 2981 eversis
1619 2925 1786 2984 fortissimis

71 3017 135 3076 loeo
150 3013 335 3090 superlatus
344 3029 434 3071 sunm
447 3013 478 3072 in
489 3016 596 3072 terram
606 3019 720 3083 ruente,
731 3018 903 3088 etbmspo·
918 2990 939 3048 C
958 3010 1071 3086 pilariis
1080 3009 1246 3084 erectisque
1256 3025 1311 3085 pro
1318 3008 1375 3070 lllis
1384 3012 1597 3087 spectabilibus
1607 3013 1785 3090 columpnis,

71 3106 216 3165 cilionem
229 3104 297 3163 lecti
306 3119 343 3162 ax
352 3105 422 3162 soto
430 3102 603 3170 meditante,
613 3103 834 3177 disparuerunt.
842 3106 905 3162 lios
958 3101 1253 3159 muroadsummum
1263 3107 1586 3176 coequatoreparatam
1598 3115 1789 3164 consumina-

72 3195 119 3253 illa
132 3193 336 3253 warentem
349 3192 492 3250 exhibens
506 3192 664 3267 sepulchro
680 3198 710 3250 et
723 3192 850 3267 sepulto,
867 3193 905 3250 te·
959 3191 1009 3248 rit.
1027 3193 1175 3262 Eratergo
1190 3207 1246 3248 suo
1262 3196 1395 3264 tempore
1411 3191 1442 3247 in
1457 3196 1574 3250 tantum
1586 3193 1624 3251 de
1645 3209 1725 3253 novo
1737 3203 1790 3252 au·

73 3291 157 3343 stam
172 3283 283 3341 exinde
292 3281 376 3350 tollit,
387 3281 562 3339 etderotior
573 3282 669 3339 iactus
678 3282 905 3340 lherosolimam
960 3284 1114 3351 gmentata
1128 3279 1218 3351 hujus
1229 3280 1334 3336 veteris
1350 3279 1474 3337 ecclesie
1489 3280 1611 3354 fabrica,
1625 3283 1658 3338 ht
1672 3281 1710 3338 de
1722 3281 1790 3356 ipsa

73 3370 906 3448 portmprottotsattueneneappsririonemhicponimns
959 3368 1037 3426 siout
1050 3370 1086 3426 de
1100 3368 1179 3426 bene
1201 3370 1420 3427 consummatis
1433 3369 1566 3427 ecclesiis
1591 3383 1724 3442 congrue
1745 3381 1789 3430 se·

74 3468 201 3537 propter
216 3461 350 3518 materiei
364 3460 616 3518 convenientiam.
960 3458 1095 3515 cundum
1110 3456 1247 3514 doctores
1260 3457 1417 3526 diceretur,
1434 3459 1514 3531 quod
1526 3458 1567 3516 ad
1581 3462 1725 3518 suturam
1733 3457 1790 3519 hu·

109 3548 907 3624 -Descripta(tttlmnnesteriiampliationeetrepa-
960 3546 1789 3620 mantcorpcrlsessetlormeteltamhabebet,eladhue

74 3636 907 3711 redonareprovisioneecplosamaterierumadstructa-
959 3633 1070 3694 habere
1093 3636 1232 3702 cernitur,
1257 3637 1432 3701 cancellum,
1447 3637 1499 3710 qni
1518 3641 1547 3695 et
1568 3639 1787 3711 sanctuarium,

73 3743 141 3789 ram
157 3727 440 3786 amenissimum
451 3724 907 3797 generali,memoriecommen·
961 3741 1017 3801 pro
1028 3726 1163 3799 capiteet
1173 3725 1261 3788 collo,
1274 3725 1560 3783 chorumstailatum
1570 3727 1790 3800 propeetcralt-

74 3815 907 3889 dandnmestpersingnis‚quamenimosepissollicitudo
960 3813 1654 3888 bus,erucem,adutraquelateralpsiuschori
1667 3814 1789 3874 dumus

74 3906 169 3979 huius
183 3904 291 3963 domni
302 3902 442 3961 Adeiardi
452 3904 527 3977 (titi)
542 3901 688 3960 fabricam
700 3903 791 3975 huius
802 3919 906 3963 mona·
961 3904 1089 3963 manicis
1104 3919 1158 3961 seu
1168 3901 1234 3959 eills
1250 3909 1434 3976 protensam,
1443 3915 1499 3976 pro
1510 3903 1640 3961 brachiis
1653 3905 1682 3962 et
1696 3903 1790 3961 meni·

75 3996 158 4053 sterli
172 3994 255 4067 cepit
266 3991 401 4051 ditabis.
410 3993 507 4050 inmo
521 3993 603 4049 enim
612 3992 644 4049 in
653 3991 721 4050 loco
734 3994 810 4066 atrii,
824 3993 907 4068 quod
961 3995 1027 4057 bus,
1043 3993 1140 4050 nerim
1156 4007 1228 4048 vero
1242 3992 1417 4049 monasterii
1431 4007 1487 4067 pro
1508 3997 1602 4062 utero,
1623 3995 1652 4051 ei
1670 4007 1790 4052 crucem

75 4083 131 4142 tuit
141 4088 216 4159 post
228 4087 441 4141 tuaeveteram
455 4083 592 4157 criptam,
601 4095 715 4139 norum
727 4081 905 4149 cancellum,
961 4080 1142 4148 interiorem,
1158 4093 1235 4154 eque
1254 4081 1375 4138 duabus
1399 4080 1453 4138 elis
1467 4095 1572 4139 versus
1588 4083 1747 4141 meridiem
1761 4087 1790 4142 et

76 4174 128 4246 qni
141 4170 513 4239 etsancttteriumdicitur,
524 4187 593 4228 cum
604 4170 724 4228 duabus
735 4169 850 4227 absidis
859 4171 906 4229 lie
961 4171 1207 4244 septemtrionem
1222 4179 1399 4243 expansam,
1424 4184 1480 4243 pro
1494 4171 1578 4227 coxis
1596 4175 1625 4227 et
1638 4171 1787 4228 cruribus.

77 4261 213 4319 missinae
223 4260 428 4332 teudemundo
436 4259 688 4333 eltumprodnxit‚
700 4259 907 4318 testudinibus·
921 4229 945 4286 D
961 4259 1091 4316 Fuerunt
1105 4259 1228 4330 insuper
1243 4257 1283 4315 ah
1304 4258 1428 4331 antiquo
1448 4264 1518 4316 ante
1537 4263 1675 4331 tempora
1696 4258 1787 4331 hujus

78 4361 136 4424 que
166 4349 299 4423 lapideis
325 4348 456 4407 lcemose
477 4348 646 4407 volutatum
685 4350 907 4408 consummavit
960 4346 1097 4406 adelardi
1113 4344 1320 4419 duespeciose
1340 4360 1410 4403 cum
1433 4346 1612 4403 firmissimis
1627 4345 1788 4420 perietibus

79 4437 140 4510 (ia.
158 4440 249 4502 tutti.
263 4437 344 4496 inire
357 4438 441 4512 quod
452 4451 530 4511 opus
544 4451 651 4496 noram
662 4437 785 4513 criptam
798 4443 907 4513 etspe-
959 4438 992 4495 in
1004 4436 1098 4494 eitum
1117 4434 1263 4509 producte
1275 4434 1390 4506 abside,
1413 4436 1484 4492 navi
1505 4433 1600 4509 ipsius
1613 4433 1735 4493 ecclesie
1747 4436 1788 4495 ad

78 4528 198 4593 theam,
212 4525 346 4598 undique
357 4525 619 4599 lapideaeeletura
632 4526 855 4594 bstudlnatam,
866 4527 906 4585 ed
960 4526 1098 4583 desuem
1106 4530 1135 4582 et
1141 4523 1509 4597 levamcoherentec,que,
1518 4523 1702 4582 ubimanicts
1708 4527 1788 4583 anre

77 4613 906 4688 perlectumeonipterit,tntraquamstrnoturamseptem
959 4614 1047 4673 noris
1062 4615 1159 4672 crucis
1180 4613 1393 4686 jungebantur,
1415 4611 1566 4671 habehant
1592 4614 1667 4671 duas
1692 4618 1787 4672 turres

78 4697 303 4770 ssesiteltarta,
317 4713 449 4776 quornm
461 4703 748 4777 primumetmajus‚
762 4703 905 4762 inmerito
959 4705 1132 4770 eminentes,
1151 4717 1244 4761 anam
1258 4715 1362 4760 versus
1373 4702 1530 4760 meridiem
1540 4706 1570 4760 et
1581 4702 1672 4761 aliam
1684 4715 1787 4761 venus
1906 4773 1908 4776 ¹

78 4792 256 4854 casamarii.
274 4791 306 4848 in
320 4790 435 4849 habore
458 4787 547 4849 licata
569 4793 656 4850 lario
678 4797 706 4849 et
731 4796 906 4852 sanctorum
960 4793 1203 4867 septemtrionem
1211 4792 1408 4865 respitientes,
1418 4792 1572 4850 eihtudlne
1586 4806 1674 4850 muro
1684 4801 1788 4850 moha-

77 4880 212 4947 hointinl
228 4883 257 4936 et
270 4879 394 4952 Remigii
408 4880 584 4939 conshuxit.
594 4881 662 4938 Post
676 4880 760 4954 quod
771 4882 851 4939 aliud
861 4886 907 4941 est
959 4883 1041 4940 sterii
1055 4897 1144 4953 pares
1157 4898 1165 4949 ;
1177 4881 1226 4939 ubi
1240 4897 1312 4939 vero
1326 4882 1405 4939 dicte
1416 4881 1523 4939 abside
1536 4881 1708 4956 posterioris
1720 4891 1787 4939 cru-

21 5007 24 5010 ·
76 4967 107 5026 tn
118 4969 240 5028 honore
250 4972 424 5027 anemium
436 4968 554 5028 Martini
567 4969 766 5036 ettlristoiori‚
781 4971 906 5029 tercium
959 4973 1004 5030 cis
1015 4971 1071 5029 slis
1084 4971 1271 5029 saumanicis
1279 4971 1544 5042 abrenuntientur,
1555 4969 1787 5028 habebantdues

76 5055 217 5117 rcrcsnb
235 5057 344 5117 absida
357 5058 531 5118 rmoresrto
543 5057 695 5117 coherenti
705 5058 745 5116 ed
757 5058 903 5128 denham
959 5059 1098 5135 eapehas,
1110 5071 1204 5119 mam
1218 5060 1259 5120 sd
1270 5061 1423 5119 dexteram
1440 5060 1472 5119 ia
1484 5059 1600 5119 honore
1614 5062 1788 5121 scnemata

881 5239 994 5299 NOTAE.

123 5415 192 5489 til)
207 5415 258 5488 list
271 5413 371 5497 socius
386 5413 527 5497 pacristae.
897 5487 904 5499 ο
960 5415 1029 5492 quis
1043 5417 1108 5490 ejus
1121 5414 1399 5500 interpolationibus
1410 5417 1633 5491 coniunximus.

82 5484 505 5635 ,mirra
518 5479 906 5630 recurrissent}
995 5491 1069 5562 (⁶⁴⁶)
1084 5487 1221 5548 tart·
