3884 6050
38 246 127 306 Ποῦ
789 234 1009 298 CHROMCON.
1674 244 1751 308 lato

36 372 561 449 oltempestatishuJusturbinemad
570 377 692 446 portum
698 369 872 445 perduceret
886 369 912 431 Α
926 368 1039 427 ditione
1053 370 1420 447 manifestatacivitasipsa
1429 379 1469 431 ad
1484 374 1562 446 regis
1574 377 1751 448 potestatam

37 462 405 533 salutislleversusigilur
415 463 453 519 ab
475 462 616 519 anacleto
631 461 747 532 legatus
760 460 872 515 litteras
927 458 1034 515 tradita
1045 467 1087 516 est
1099 463 1167 533 (39),
1188 467 1215 519 et
1230 463 1345 520 civitate
1365 464 1433 535 ipsa
1453 465 1495 520 sic
1523 462 1749 536 comprehensa,

35 552 220 610 haecomnia
230 551 415 608 continentes
422 550 632 624 praelalodedit
643 545 873 618 tirescenlio,qui
926 545 1116 606 Grimosldus
1127 551 1266 623 princeps
1275 551 1565 608 virvaldemirabilis
1577 558 1606 607 et
1617 551 1751 608 bellicosi

37 643 145 713 magis
156 642 312 714 magisque
319 640 615 697 confisuslitterarum
623 637 815 696 continentias
823 635 873 692 nd·
926 635 1047 707 spiritus
1061 654 1079 695 a
1092 638 1274 712 quibusdam
1290 640 1466 698 concivibus
1481 645 1586 713 captus
1601 647 1656 706 est,
1669 646 1697 697 et
1711 640 1750 696 ad

36 728 188 803 implevit.
207 730 338 785 Audiens
346 734 446 785 autem
467 728 605 801 praelatus
615 726 742 800 Rolpotc
752 723 873 780 nunete-
927 726 1004 794 regis
1020 731 1195 797 potestatem
1211 728 1382 801 perductus,
1395 745 1545 802 quemrex
1557 729 1620 802 lpse
1633 728 1748 785 conice-

38 822 109 876 tum
125 818 169 874 sic
184 817 415 891 precipientem,
436 824 465 874 et
475 817 673 874 Crescentium
685 814 809 872 reddere
819 811 871 869 du·
926 813 979 870 lim
988 816 1139 887 captivum
1153 833 1223 875 oum
1239 834 1327 875 uxore
1342 835 1398 875 sua
1423 825 1452 874 et
1477 817 1546 875 filiis
1560 817 1600 875 ad
1617 816 1748 874 Siciliam

36 906 202 973 bitantem,
223 907 313 978 coepit
324 906 484 963 terrentius
499 905 689 972 inflammari,
703 909 806 960 etcum
818 905 873 958 llo·
927 903 1091 969 mandavit,
1106 906 1206 979 sicque
1221 911 1313 964 totam
1320 906 1654 980 Apuliamsuaesubegit
1668 912 1749 979 pote·

37 996 131 1054 berto
152 998 284 1069 principe
310 998 518 1069 Captianorum
532 1002 560 1053 et
582 995 749 1068 Rainulpho
763 992 872 1050 comite
926 992 1002 1048 stati.
1021 993 1069 1049 llis
1082 995 1123 1051 ita
1138 996 1264 1066 peractis
1280 997 1452 1053 minabatur
1478 1012 1530 1053 rex
1553 998 1615 1069 ipse
1643 996 1750 1068 prinei-

38 1085 193 1151 meditari,
209 1085 336 1159 qualiter
345 1085 382 1142 de
392 1085 559 1142 crescentio
570 1092 682 1142 rectore
692 1091 721 1141 et
730 1081 873 1155 ejusami·
924 1095 994 1151 pem
1009 1082 1180 1151 llobertum,
1192 1090 1219 1140 et
1239 1086 1441 1158 ltainulphum
1456 1088 1594 1143 comitem
1619 1085 1749 1141 exhaere-

39 1175 96 1242 cis,
112 1173 166 1247 qui
181 1189 276 1230 causa
288 1173 460 1247 perditionis
474 1175 540 1246 ejus
550 1173 677 1239 fuerant,
702 1172 869 1236 ulciscatur,
925 1168 1007 1226 dure.
1024 1171 1133 1228 Eodem
1148 1188 1228 1230 anno
1242 1189 1293 1230 rex
1308 1175 1449 1247 praelatus
1459 1174 1686 1248 deprehendens
1702 1189 1751 1229 co·

37 1262 127 1334 quod
143 1268 249 1335 postea
261 1263 302 1319 rei
316 1263 453 1336 probarit
471 1267 605 1319 eventus.
620 1262 670 1318 llis
685 1259 783 1319 etaliis
802 1273 871 1316 cou-
926 1259 1027 1315 mitem
1038 1260 1138 1332 ipsum
1157 1261 1355 1335 Raiuulphum
1373 1264 1505 1320 convicia
1518 1264 1622 1333 multa,
1637 1269 1666 1319 et
1678 1260 1751 1319 effli-

38 1350 259 1408 lliotationibus
274 1351 349 1408 iuter
361 1368 392 1408 se
421 1350 538 1418 habitis,
555 1356 582 1408 et
600 1366 656 1425 pro
681 1349 783 1407 multis
798 1346 872 1405 anti·
925 1348 1038 1404 ottones
1052 1349 1183 1407 llatbildi
1204 1352 1287 1408 uxori
1307 1368 1370 1408 sure
1389 1351 1495 1409 interro
1515 1352 1648 1424 ejusdem
1672 1351 1750 1422 regis

38 1440 112 1511 quis
128 1439 351 1496 inimicitiarum
364 1440 533 1510 generibus,
556 1455 624 1513 quaa
640 1438 871 1495 admemoriam
925 1436 1031 1506 sorori,
1050 1453 1142 1510 quam
1154 1439 1334 1513 ultraquam
1355 1441 1436 1497 credi
1459 1444 1565 1514 potest,
1590 1439 1743 1511 diligebat,

39 1526 244 1594 ducebantur,
260 1527 420 1585 concordia
431 1527 481 1584 illa
495 1523 872 1598 adiructumtranquillita·
924 1524 1048 1582 consilio
1062 1526 1176 1591 habito,
1193 1529 1291 1600 ipsam
1306 1545 1390 1585 suam
1407 1545 1539 1587 sororem
1553 1528 1650 1587 vocari
1667 1543 1749 1584 man·

40 1616 81 1672 tis
92 1616 217 1688 perduci
232 1632 292 1673 non
308 1616 412 1690 potuit.
428 1616 570 1672 Proeiatus
590 1616 825 1687 igiturpriueeps
843 1617 872 1669 et
924 1612 1016 1684 davit,
1033 1630 1125 1687 quam
1140 1614 1262 1673 honeste
1277 1617 1428 1689 accipiens
1438 1616 1747 1673 eamduloibuscollc·

41 1719 149 1761 comes
157 1704 340 1777 llainulpbus
348 1704 709 1778 Rolpotonisilliusdalcia
717 1703 870 1759 audientes
888 1701 1003 1789 Bquiis
1018 1702 1198 1770 consolatur,
1214 1710 1242 1760 et
1256 1707 1366 1777 sanein
1378 1705 1507 1763 Siciliam
1518 1704 1745 1761 mandavitlloo

42 1793 206 1865 colloquia,
223 1798 250 1850 et
270 1809 376 1850 aureas
404 1799 621 1867 argenteaeque
633 1791 868 1866 pollicitationes,
925 1805 1006 1846 anuo
1024 1807 1075 1846 rex
1098 1792 1162 1864 lpse
1178 1792 1353 1863 praedictum
1368 1793 1543 1866 principem,
1558 1798 1587 1850 et
1605 1794 1744 1849 comitem

42 1881 239 1939 sacramentis
264 1883 478 1939 communibus
486 1883 674 1955 Juraverunt‚
688 1897 756 1938 cum
782 1896 828 1936 res
842 1882 871 1935 et
926 1877 1127 1950 llainulphum
1142 1880 1356 1937 cumducentis
1372 1881 1513 1937 militibus
1538 1882 1577 1936 ad
1602 1880 1744 1937 ciuilium

41 1967 871 2043 lempusexposlulnret,slbiadinvicemsubvenirentsed
927 1966 1333 2038 praedictittnacletillomam
1349 1969 1746 2041 delegaviteteiseuntibus,

41 2073 83 2114 ne
91 2062 211 2130 tempus
227 2057 372 2116 tarditatis
389 2075 436 2115 me
450 2059 654 2132 apprehendat
674 2054 871 2124 describendi,
927 2055 1282 2128 sicutpraedixi,uxorem
1295 2058 1438 2129 jamdicti
1458 2058 1586 2123 comitis,
1603 2063 1631 2114 et
1642 2057 1748 2126 filium,

43 2147 86 2204 ad
100 2162 138 2204 ea
152 2162 219 2219 quae
233 2149 401 2204 necessaria
422 2148 580 2205 imminent
595 2152 623 2205 et
645 2154 813 2220 opportuna
831 2144 873 2200 vi·
928 2147 956 2198 el
974 2143 1122 2200 civitatem
1141 2143 1309 2201 Abellinum
1332 2146 1359 2201 ei
1389 2145 1618 2203 abstulitzoum
1651 2149 1752 2200 autem

44 2235 166 2304 dentur,
179 2236 328 2293 succincte
342 2236 562 2293 festinemusln
579 2235 773 2309 subsequenti
784 2233 873 2305 igitur
927 2231 1066 2304 princeps
1089 2237 1118 2289 et
1136 2247 1237 2289 comes
1265 2234 1362 2290 Roma
1393 2237 1619 2302 reverterentur,
1644 2232 1754 2289 turbati

45 2325 246 2392 tractatuum
272 2325 389 2393 comite,
419 2325 634 2393 describemus,
659 2325 787 2399 qualiter
800 2339 872 2397 pree·
927 2320 1084 2387 animo,et
1113 2321 1523 2396 doloreimmeusoperoussi
1555 2322 1752 2390 mirabantur,

46 2413 145 2469 dictus
160 2413 341 2470 crescentius
354 2430 423 2470 oum
448 2413 598 2487 predictis
622 2414 783 2486 iudicibus,
798 2412 874 2470 aliis·
927 2408 1112 2480 qualiterrex
1127 2409 1264 2482 ipseaJ‘us
1278 2426 1400 2467 uxorem
1411 2410 1594 2476 abstulisset,
1604 2410 1752 2484 precipue

46 2515 108 2574 que
123 2516 227 2557 eorum
240 2501 354 2570 amicis,
365 2508 394 2559 et
408 2502 458 2559 alii
476 2502 536 2559 iere
555 2501 761 2576 quadringinti
769 2501 821 2559 tali
830 2502 873 2558 in·
928 2502 1029 2555 lamen
1044 2513 1145 2555 comes
1159 2499 1356 2572 Rainulphus,
1371 2501 1457 2572 cujus
1471 2516 1547 2557 uxor
1564 2500 1750 2566 chaussima,

47 2594 140 2646 venta
151 2591 310 2648 occasione
324 2591 362 2647 de
373 2590 490 2648 civitate
504 2590 621 2649 luerunt
633 2590 767 2647 exsulati.
788 2591 874 2648 Plura
928 2586 1042 2642 attilius
1057 2589 1098 2643 sic
1111 2586 1214 2646 ablata
1228 2588 1341 2655 luisset,
1357 2588 1460 2661 palam
1478 2588 1671 2662 quandoque,
1698 2587 1751 2644 ali·

48 2678 160 2735 etenim
173 2678 293 2735 veritate
310 2680 434 2745 munita,
449 2685 477 2735 et
487 2695 555 2753 quse
573 2679 635 2750 ipse
649 2679 770 2735 viderim
791 2679 874 2736 omui
928 2674 1194 2748 quaudoprivatim
1205 2677 1347 2749 lacrymis
1360 2676 1751 2750 conquerebaturmauanti-

47 2772 165 2825 remota
178 2767 329 2825 dubietate
345 2770 370 2824 si
381 2769 556 2843 singillatim
571 2768 741 2825 describere
755 2768 872 2836 vellem,
927 2763 995 2830 bus,
1006 2765 1113 2836 injuste
1132 2766 1292 2837 conjugem
1310 2770 1338 2822 et
1360 2764 1452 2821 lilium
1479 2764 1652 2838 perdidisse.
1680 2763 1751 2822 ludo

48 2860 80 2914 et
94 2861 211 2928 tempus
226 2856 376 2924 deficeret,
390 2863 419 2914 et
430 2873 496 2929 ego,
506 2857 572 2915 licet
587 2856 874 2925 inconsummati
927 2868 981 2926 per
990 2854 1114 2926 seipsos,
1129 2859 1158 2910 et
1173 2854 1287 2911 amieos
1301 2869 1405 2911 eorum
1429 2854 1605 2927 predictum
1625 2852 1747 2909 unsele-

47 2944 160 3001 lnborie
172 2945 280 3002 sudore
295 2946 430 3003 delessus
441 2946 873 3004 succumberem.Nitriletenim
927 2946 990 2998 tum
1006 2947 1195 3013 rogaverunt,
1213 2949 1267 3000 uta
1280 2958 1347 3016 rege
1356 2942 1658 3015 Rogerioimpetraret
1666 2942 1751 2999 reddi

47 3033 217 3105 lectoribus,
235 3039 263 3091 et
278 3035 468 3092 audientibus
481 3035 611 3109 proderit
627 3035 785 3092 mendacia
804 3052 872 3109 pro·
890 3031 1034 3143 Clilium,
1050 3038 1079 3089 et
1093 3049 1227 3091 uxorem.
1238 3032 1598 3103 anacletusigiturregem
1612 3048 1663 3104 per
1677 3047 1753 3089 nun·

48 3121 133 3188 terre,
145 3125 174 3178 et
187 3123 318 3180 vanitate
327 3124 447 3197 repleta,
459 3141 528 3181 cum
549 3129 601 3190 tot,
614 3128 646 3181 ut
654 3123 788 3197 predixi,
804 3141 874 3182 vera
928 3119 985 3177 tios
996 3127 1143 3194 precatur,
1159 3127 1191 3178 ut
1206 3137 1328 3177 uxorem
1341 3120 1442 3177 comiti
1455 3120 1632 3185 redderet,et
1643 3120 1749 3189 tilium,

47 3210 228 3284 habeantur,
244 3229 321 3285 quse,
343 3212 471 3270 Domino
486 3214 613 3281 terente,
635 3213 674 3270 ad
692 3214 873 3285 posteritatis
927 3209 1010 3282 quod
1025 3209 1157 3266 oblinere
1171 3225 1233 3266 non
1248 3211 1353 3282 potuit.
1370 3211 1450 3267 Unde
1461 3226 1562 3266 comes
1580 3210 1628 3267 ille
1649 3209 1752 3266 dolore

51 3300 230 3357 memoriam
245 3301 354 3357 ducere
366 3317 518 3358 curemus.
927 3315 1081 3365 accensus,
1106 3299 1227 3356 ultionis
1242 3304 1375 3371 tempora
1389 3299 1525 3373 rogabat.
1541 3299 1617 3366 Quid
1631 3298 1752 3356 multa?

85 3389 171 3444 Auno
187 3389 873 3463 igiturlllitllominlcalucarnationis,mense
926 3403 996 3444 cum
1009 3386 1150 3461 praedicto
1178 3388 1305 3461 principe
1317 3394 1346 3446 et
1369 3391 1515 3462 magistro
1537 3388 1664 3445 militum
1680 3390 1751 3444 Nea·

50 3478 151 3534 llartio
166 3493 193 3533 rx
206 3476 377 3534 indictionis
400 3478 468 3549 (38),
491 3477 564 3536 luna
585 3479 775 3552 splendorem
791 3484 873 3536 ortus
927 3476 1138 3550 politanorum,
1152 3482 1180 3534 et
1190 3477 1255 3535 aliis
1268 3478 1373 3535 amicis
1385 3478 1531 3550 alligatus,
1550 3493 1619 3534 cum
1629 3477 1750 3534 duobus

51 3564 97 3622 sui
110 3564 317 3640 derelinquens
337 3566 367 3623 in
396 3567 550 3638 sanguinis
577 3566 707 3625 colorem
730 3583 873 3626 converse
927 3563 1242 3638 millibusequitumet
1256 3567 1435 3639 pedestrium
1447 3565 1749 3640 multitudinepropa·

50 3668 142 3727 quam
153 3669 209 3710 nos
223 3654 400 3727 aspicientes
417 3655 590 3728 prodigium
605 3655 668 3712 lore
683 3655 870 3713 credidimus.
925 3653 1004 3711 latus
1018 3654 1117 3710 exirit.
1134 3654 1226 3711 Exirit
1236 3654 1476 3726 quidemlsetauti
1495 3654 1609 3724 animo,
1620 3658 1649 3711 et
1663 3655 1750 3711 intre·

50 3741 111 3798 Hoc
123 3758 203 3799 anno
219 3742 378 3814 praedictus
392 3743 637 3801 Anacletusrenit
649 3745 872 3801 Salernumlio·
926 3743 1020 3816 pidus,
1037 3748 1065 3799 et
1080 3743 1168 3801 morti
1183 3744 1314 3815 primum
1338 3742 1533 3800 succumbere
1548 3742 1747 3807 desiderabat,

48 3829 114 3886 dem
129 3846 208 3888 anuo
224 3831 871 3904 praetatusrexllogeriusridensTancredum
926 3847 1018 3905 quam
1027 3830 1232 3889 exhaeredatus
1244 3831 1284 3888 ab
1294 3831 1610 3903 illoalienapeteret,el
1619 3831 1750 3900 incogni-

48 3919 85 3975 de
98 3919 287 3976 conversano
298 3919 498 3992 virumutique
511 3921 741 3993 prudentum‚et
760 3920 871 3978 auimo·
925 3924 1077 3993 iaspartes
1088 3919 1192 3976 adiret.
1208 3923 1330 3978 Famam
1347 3935 1417 3976 vero
1453 3920 1587 3975 Berensis
1610 3918 1747 3990 civitatis,

48 4006 277 4075 sum‚lrebellem
288 4008 345 4065 sibi
360 4012 388 4064 et
403 4010 599 4074 resistentem,
627 4008 753 4066 consilio
768 4009 870 4067 habito
926 4014 953 4066 et
966 4008 1128 4066 Grimoaldi
1139 4009 1293 4082 principis,
1307 4008 1576 4082 etl'ancredi,quos
1598 4006 1751 4064 olimdile-

48 4096 196 4152 erercitum
214 4097 412 4167 congregarit,
426 4103 552 4170 etsuper
577 4102 709 4155 castrum
731 4098 870 4155 Brindisil
924 4102 1098 4161 remeante
1125 4096 1228 4153 oeulos
1250 4097 1357 4162 ferens,
1372 4096 1503 4170 ¹(qualiter
1524 4112 1577 4153 eos
1604 4094 1749 4154 afflixerat

36 4184 182 4255 ‘ejusdem
196 4184 340 4241 Tancredi
360 4185 520 4253 festinarit,
538 4185 611 4242 illud
644 4193 722 4244 terra
737 4187 870 4260 marique
925 4186 1023 4253 malis,
1034 4185 1108 4242 mori
1124 4185 1224 4256 gladio
1233 4184 1350 4257 orabat,
1364 4191 1394 4242 et
1411 4201 1484 4242 ense
1501 4184 1638 4255 deficere,
1657 4200 1751 4258 quam

48 4272 173 4344 obsedit,
187 4274 289 4348 sicque
303 4274 473 4331 mirabiliter
495 4282 701 4348 expugnatum
721 4292 782 4333 sua
798 4275 870 4333 illud
926 4275 986 4345 tali,
998 4278 1140 4347 tantaque
1147 4273 1224 4345 regis
1232 4278 1376 4346 potestate
1391 4274 1575 4345 collaligare.
1590 4276 1747 4339 Noemora,

49 4361 173 4418 obtinuit
185 4364 334 4434 potestati,
348 4363 432 4419 ethis
448 4364 520 4420 actis
541 4379 633 4437 super
647 4363 797 4421 civilatem
817 4367 870 4420 Ba·
924 4363 1065 4436 princeps
1079 4363 1126 4420 ille
1142 4370 1170 4420 et
1180 4378 1292 4434 comes,
1307 4366 1340 4419 ut
1351 4362 1402 4419 lati
1418 4379 1532 4427 sumus,
1547 4378 1617 4418 cum
1632 4361 1749 4417 duobus

48 4465 164 4508 reusam
179 4451 308 4508 exercitu
331 4459 495 4509 convocato
508 4452 666 4510 festinarit.
683 4455 740 4509 Nec
763 4469 868 4511 mora:
888 4445 911 4504 D
926 4452 1057 4509 millibus
1069 4452 1213 4524 equitum,
1227 4451 1392 4526 etpedilum
1400 4455 1586 4508 armatorum
1599 4449 1749 4521 magnitu-

49 4539 195 4596 eiritatem
208 4539 289 4596 illam
302 4539 426 4597 diversis
437 4541 525 4613 caepit
537 4542 870 4615 expugnaremaehiua·
925 4541 994 4597 diue
1007 4541 1166 4597 innumera
1180 4543 1379 4613 pugnaturus,
1395 4545 1423 4597 el
1435 4540 1612 4597 defensurus
1628 4556 1646 4596 a
1670 4537 1748 4610 regis

49 4628 426 4701 tionibus,perquiudecim
440 4630 871 4688 verodieseiritasillaohsessa
924 4629 1118 4702 propositoin
1131 4628 1283 4702 planitiem
1304 4628 1414 4685 montis
1434 4629 1518 4687 Sardi
1543 4625 1748 4686 castrametati

50 4721 78 4773 et
89 4722 320 4789 expugnataest.
332 4717 460 4774 Tandem
475 4718 585 4774 cisium
612 4718 784 4775 barensium
814 4726 872 4779 tra.
925 4716 1744 4792 suntcoelorumquidemregemsuppliciterprecantur,

84 4857 293 4929 (38)Seribe,x
315 4859 484 4928 indictionis,
507 4864 536 4916 et
563 4861 599 4915 ud
627 4877 674 4916 an.
708 4860 779 4915 ll3d
801 4860 871 4915 indi·
925 4859 1079 4926 lib.n,2t,
1105 4859 1153 4931 qui
1184 4875 1241 4915 non
1267 4859 1295 4915 in
1320 4858 1408 4916 aliam
1431 4859 1603 4915 sententiam
1630 4864 1672 4914 est
1704 4875 1748 4914 ca·

49 4929 132 4985 ctione
145 4931 203 4995 xui,
218 4946 275 4984 non
296 4947 344 4986 au.
358 4932 415 4986 Nec
435 4932 470 4985 de
496 4936 573 4987 recta
587 4932 699 4987 dubites
726 4949 868 4986 annorum
925 4932 1054 5002 piandus.
1072 4932 1159 5002 idque
1175 4931 1303 4986 Falconis
1314 4931 1399 5001 plane
1415 4931 1534 4986 denotat
1551 4946 1656 4995 sermo,
1670 4946 1750 4985 usur·

50 5000 273 5071 consignatione,
288 5001 390 5072 quibus
404 5007 516 5057 coeterae
545 5018 645 5057 omncs
660 5003 732 5058 bene
758 5018 870 5072 compe·
925 5001 986 5084 pari
1001 5001 1101 5058 solitus
1122 5002 1230 5073 iisquis
1244 5002 1273 5057 in
1299 5001 1467 5057 Forensibus
1488 5001 1749 5057 concertationibus

49 5075 111 5127 lunt
124 5088 141 5126 a
155 5070 277 5126 Falcone
300 5072 453 5156 assignatae
473 5072 660 5140 indictiones;
684 5078 714 5128 et
733 5077 870 5143 praetcrea
920 5072 1031 5154 Judieio
1042 5072 1106 5128 victi
1118 5090 1221 5128 siranus
1235 5074 1355 5139 dabant,
1367 5089 1400 5128 ac
1415 5071 1600 5128 manifestare
1614 5088 1645 5128 se
1657 5074 1692 5128 de
1707 5089 1750 5128 re·

50 5141 177 5224 apprime
190 5142 230 5198 eis
243 5148 424 5200 consentiunt
439 5150 602 5216 temporum
614 5144 793 5200 characteres
810 5144 868 5214 plu·
924 5145 1030 5217 mjuste
1042 5160 1183 5213 possessa,
1201 5145 1254 5199 hoc
1269 5149 1313 5200 est
1326 5160 1392 5200 eam
1406 5143 1540 5215 legitimis
1563 5143 1687 5200 dominis
1706 5161 1748 5200 re·

49 5216 123 5269 ribus
135 5212 220 5285 hujus
233 5214 365 5271 Chronici
380 5216 449 5270 locis
461 5215 605 5286 descripti,
635 5215 742 5272 scilicet
769 5216 867 5270 adan.
923 5214 1067 5278 nuntiare,
1084 5215 1195 5286 publico
1214 5216 1319 5287 scripto
1343 5214 1559 5287 profitebantur.
1589 5215 1635 5271 Sic
1660 5215 1748 5271 etiarn

49 5284 216 5349 leuauit,
233 5285 312 5345 llll),
329 5286 380 5350 bis,
394 5286 462 5340 tter
478 5287 595 5341 etltd'l.
607 5287 725 5344 Peneon.
923 5285 1080 5356 dymoinus
1097 5285 1145 5341 lib.
1163 5304 1188 5349 r,
1204 5303 1235 5342 ca
1262 5329 1267 5341 .
1287 5288 1348 5341 ide
1364 5286 1523 5342 barcinone
1544 5286 1579 5342 ab
1607 5287 1678 5358 imp.
1698 5287 1750 5342 Lu·

67 5354 136 5437 ⁵(39)
151 5355 213 5436 lton
229 5353 315 5481 igitur
330 5356 354 5410 vi
370 5361 485 5427 captas
505 5356 626 5428 lingerio
642 5356 694 5412 tuit
710 5357 868 5423 Baris;sed
922 5357 1023 5437 dorico
1040 5357 1087 5413 Pio
1102 5362 1224 5429 recepta.
1240 5304 1359 5422 drndito,
1391 5358 1492 5429 inquil.
1510 5363 1535 5413 et
1548 5359 1688 5429 patefacte
1712 5358 1750 5437 ei·

49 5426 868 5555 lllille..dliitudlllllentescunt?
922 5429 1676 5558 litte{filibertiinduitintuit
1689 5446 1748 5499 ⁹“''

488 5538 496 5565 ,
859 5541 865 5555 .
1496 5543 1502 5556 .
1631 5541 1638 5555 .
