3884 6050
3 150 67 268 Ui-
476 199 593 265 ousta
605 198 694 273 ffl-
710 188 931 273 TRUMM*
945 193 1199 263 damuatio
1221 198 1259 263 ΙΙ.
1668 196 1730 264 m

5 331 161 392 &iudico
171 329 384 390 nasamonas
391 327 755 401 eomasdgidiusiusenili
761 331 839 386 stau
853 325 1053 399 tr'gcbantur,
1067 327 1138 386 indc
1151 322 1624 402 ipsaooncsptarietoriaefldacia
1633 344 1724 402 grem

5 421 138 480 dofidm
152 426 183 479 at
194 420 296 479 animo
310 425 402 495 atque
409 434 505 476 manu
515 419 554 475 ad
563 417 679 492 aliquid
686 417 838 490 agendum
894 414 947 472 dia
960 430 1090 490 quaque
1098 416 1324 475 aaruaidaeu
1332 417 1522 475 scincturam
1537 417 1721 479 minabatur.

5 509 266 587 promptissimus,
284 511 415 582 mutter
427 508 504 576 tuttt,
511 508 595 582 quad
605 507 727 564 eoiiiioct
736 514 843 565 oontm
895 503 1003 561 Accitis
1017 520 1090 577 ergo
1103 521 1120 562 e
1133 507 1196 563 suis
1207 505 1358 579 aliquibus
1383 506 1575 574 fidelioribus,
1591 512 1644 581 qui
1658 513 1723 566 tun·

8 602 127 659 nauita
140 599 315 674 principum
324 596 489 671 etjuaticiaa
500 610 640 655 normam
651 597 768 670 absque
777 597 843 669 ejus
896 596 962 650 tum
976 595 1279 666 negotiumetrennue
1293 604 1520 669 exequerentur,
1536 597 1720 670 imperatori,

9 702 165 748 cansam
176 689 208 745 in
222 686 368 745 comitatu
381 701 438 744 suo
447 685 479 742 id
491 686 589 744 boare
601 687 841 759 presumpsisset,
896 682 1020 754 speciali
1028 689 1095 756 post
1108 684 1201 740 Mum
1215 688 1245 739 et
1257 690 1395 740 sanctum
1405 684 1576 741 trudonem
1589 692 1661 741 tuuo
1673 701 1724 743 eo·

10 778 171 854 Quadam
185 776 243 835 boc
256 776 369 834 nubem
381 775 463 847 iuges
469 775 685 841 mundanena
698 775 751 849 qui
763 774 845 849 prin·
896 784 965 827 rum
983 770 1109 829 domino
1122 778 1244 846 propter
1255 774 1311 829 sibi
1326 773 1366 828 ub
1378 773 1520 846 episeopo
1530 775 1663 830 ilettensi
1677 775 1722 831 ia·

11 868 114 939 cipum
129 867 260 926 liecetin
272 863 600 932 comitatuuiterius,eo
612 868 843 934 nonannuente,
896 865 978 915 otam
994 860 1167 926 saisionem,
1182 863 1337 934 quoeoiroa
1352 877 1384 918 se
1399 863 1723 932 agerenturiutimava·

10 955 177 1030 cujuslibet
190 952 313 1028 presidii
327 953 527 1011 munitionem
540 959 686 1010 extruere.
703 955 763 1011 iiac
771 966 844 1025 ergo
898 953 975 1006 runt
991 947 1107 1015 Quibus
1116 949 1181 1023 ipse
1192 948 1285 1007 misso
1296 950 1336 1007 ad
1348 965 1400 1008 eos
1413 950 1495 1006 iidaii
1506 951 1614 1007 nuntio
1628 967 1720 1009 man·

11 1048 46 1105 da
59 1060 161 1104 eausa
175 1042 277 1116 gravia
291 1042 369 1101 inter
384 1042 705 1115 utrosque-inimicitias
719 1049 747 1099 et
759 1056 846 1115 guer-
897 1037 989 1106 derit,
1009 1046 1041 1095 ut
1062 1039 1088 1094 si
1106 1053 1298 1112 quacunque
1321 1040 1515 1113 perdiderant
1535 1039 1651 1100 restitui
1664 1041 1724 1098 sibi

12 1150 50 1193 rra
63 1134 212 1191 umatus
226 1135 274 1190 est
287 1134 403 1189 exorta
429 1130 682 1204 conquerebatur
708 1134 845 1205 pmterea
898 1126 1018 1196 reliam,
1034 1128 1283 1201 portamoivitatis
1293 1142 1355 1185 non
1361 1127 1484 1196 exirent,
1492 1144 1548 1186 nec
1562 1133 1663 1188 causis
1673 1146 1724 1189 oo·

13 1238 88 1282 unns
102 1224 217 1279 contra
230 1220 358 1278 alterum
370 1225 401 1278 et
418 1219 478 1278 ulia
492 1233 585 1293 quana
605 1218 693 1293 piura
703 1220 846 1278 emenda·
897 1215 1007 1273 mitum
1031 1217 1108 1273 inter
1132 1232 1165 1275 sa
1192 1217 1401 1276 dissidentium
1426 1233 1458 1274 sc
1485 1220 1722 1286 intromitterent,

14 1313 215 1370 iommutua
223 1307 295 1367 satis
314 1308 417 1381 digna.
439 1310 547 1365 Verum
571 1322 673 1365 oomes
689 1308 843 1376 ienensis,
897 1304 1048 1379 quidquid
1056 1305 1148 1364 etiam
1163 1322 1266 1364 eomes
1282 1322 1337 1381 pro
1361 1306 1570 1381 redemptione
1584 1308 1724 1366 riiiarrrm

13 1400 96 1475 qusai
110 1401 149 1457 in
161 1397 358 1471 iuribussuis
370 1396 579 1455 cidiritiaram
589 1403 738 1471 apparatu
752 1398 845 1454 eonii·
868 1452 885 1471 (Ι
898 1403 1071 1452 numerum
1084 1402 1249 1470 acceperat,
1268 1412 1301 1452 sa
1313 1396 1500 1455 redditurum
1510 1398 1657 1472 promisit.
1667 1398 1726 1455 No·

14 1490 92 1556 dens,
107 1488 230 1562 ipsum,
243 1492 347 1560 utpote
369 1486 460 1543 rebus
485 1490 516 1543 et
542 1493 698 1544 mutatura
715 1486 844 1545 miiitum
883 1483 966 1539 'stris
979 1486 1611 1558 ergosecundumimpcratorismandatum
1625 1487 1725 1544 abeili

14 1591 193 1653 paupenm,
207 1574 414 1649 vilipendebat
424 1572 710 1644 ;·iiinmaooutra‚ne
722 1574 750 1632 ei
759 1576 844 1634 oede-
863 1620 883 1675 B
898 1571 1086 1642 ieriumbus,
1097 1574 1724 1650 miiitesoomitisircqucntibusinjuriarum

13 1672 62 1735 rat,
76 1664 267 1726 animositas
289 1663 430 1737 juvandis
444 1663 575 1722 audatiae
588 1664 630 1722 ad
647 1665 845 1724 resistendum
899 1662 1100 1720 inritamentis
1110 1677 1172 1720 non
1186 1664 1346 1722 cessabant
1360 1680 1412 1722 cos
1425 1664 1724 1725 iacesocredubsau·

14 1756 199 1831 imputabat
214 1752 368 1812 tenant
379 1759 408 1812 et
419 1754 478 1812 boo
489 1754 531 1811 ad
545 1760 742 1826 tegmentum
755 1756 847 1828 hujus
900 1751 1015 1810 nubant
1027 1756 1130 1809 autam
1139 1767 1201 1819 eos,
1212 1754 1299 1827 quasi
1306 1755 1411 1811 timore
1425 1756 1550 1827 perculsi
1559 1770 1621 1813 non
1634 1756 1724 1815 andc

18 1845 189 1912 dsoordira,
198 1843 284 1918 quod
297 1843 379 1903 idam
386 1858 490 1900 comes
501 1844 657 1912 Lunensis,
672 1858 790 1903 memor
802 1844 848 1901 in·
900 1838 1007 1898 sentin
1018 1854 1290 1899 occursumeorum
1299 1843 1424 1900 civitatis
1437 1852 1609 1917 ermpertus
1622 1844 1725 1917 agredi

16 1935 92 2008 juria
108 1949 130 1992 a
145 1938 236 2007 patre
249 1931 330 1990 iliius
343 1931 401 1989 sibi
411 1931 511 2001 iiiatsr,
521 1933 575 2006 qui
582 1933 787 2006 superioribus
795 1950 848 1992 an·
901 1928 1009 1987 domes
1031 1935 1132 1987 autem
1145 1929 1220 2005 ipse,
1244 1932 1333 2006 quasi
1346 1932 1477 1989 victoriae
1491 1944 1627 2000 maurus,
1643 1949 1725 1991 nunc

19 2021 204 2081 maceraris
219 2020 281 2094 igni
293 2018 410 2079 ettarro
423 2022 661 2096 circumquaque
674 2022 755 2081 rutis
768 2023 846 2097 ejus,
901 2020 1277 2077 umatamsemumaoicm
1283 2020 1727 2096 vdudspaaratumsituramqno

20 2109 219 2169 &numium
225 2109 654 2184 quoquaoombussaratbano
662 2111 695 2169 in
705 2111 770 2170 fiiio
779 2114 846 2185 ejus
900 2110 999 2180 magis
1013 2114 1131 2168 nostros
1141 2109 1173 2167 in
1186 2110 1317 2168 furorem
1328 2111 1513 2179 accenderet,
1525 2127 1606 2186 pene
1630 2124 1727 2186 usqua

20 2199 140 2258 basitan
150 2196 257 2256 nieisoi
271 2197 387 2267 volans,
399 2197 469 2257 iioct
479 2214 512 2256 se
525 2197 644 2271 iniusta
656 2206 762 2260 eontra
775 2217 846 2261 curn
900 2204 970 2257 aute
984 2197 1066 2272 ipsas
1075 2198 1203 2257 civitatis
1223 2205 1327 2273 partas
1346 2199 1485 2258 mutabat
1499 2217 1507 2271 ;
1524 2217 1605 2259 nuno
1629 2202 1728 2274 precia

20 2302 99 2360 egara
111 2302 182 2347 noa
197 2287 360 2359 ignoraret,
379 2303 399 2346 a
418 2291 573 2362 proposito
584 2295 688 2348 umen
701 2291 846 2350 obruenti
899 2301 997 2346 reram
1014 2288 1179 2360 sennium,
1193 2302 1263 2363 qure
1274 2289 1388 2348 civitati
1399 2290 1606 2350 mterendaab
1620 2291 1727 2349 exteris

19 2378 105 2435 animi
114 2376 273 2435 nsscuera
283 2377 555 2435 mentemnoiebat
565 2379 637 2446 oure
647 2381 847 2440 simultasin’s·
899 2375 1132 2444 advehebantur,
1143 2377 1247 2451 procul
1256 2380 1446 2451 preveniens,
1456 2379 1600 2437 violenter
1614 2379 1729 2438 aufere·

19 2464 132 2522 noua
145 2465 190 2522 ad
200 2463 261 2521 boa
274 2477 371 2538 aeque
383 2466 612 2541 interutrosque
626 2474 777 2542 protracte
789 2476 843 2537 eet,
899 2465 968 2538 bat;
981 2480 1061 2524 nunc
1075 2467 1165 2524 etiam
1177 2482 1233 2524 aea
1246 2469 1442 2542 opinantibus
1455 2469 1499 2526 cis
1514 2469 1553 2527 dc
1568 2470 1727 2543 pecoribus

20 2552 252 2627 quodinjuriam
264 2568 351 2610 suam
360 2552 549 2628 utrimquein
560 2557 846 2616 alterutrumdecrs-
899 2569 1004 2612 sorum
1018 2556 1146 2629 predam
1165 2554 1203 2593 ⁴⁸⁸
1222 2570 1327 2628 ageos,
1341 2557 1498 2614 cotidianis
1516 2572 1570 2615 eos
1584 2557 1727 2632 dampnis

20 2642 209 2700 teruntios-ro
223 2647 253 2698 ct
264 2641 391 2699 cedibus
405 2643 629 2702 vindiaandam.
899 2658 970 2701 eum
985 2645 1508 2716 irrisionegrariteratterabat.0uod
1521 2648 1728 2721 cumimpera·

50 2731 94 2787 tt.
112 2730 259 2798 Quodam
283 2745 356 2803 ergo
367 2731 486 2790 derum
506 2746 579 2792 cum
600 2733 677 2793 inter
692 2735 844 2796 civitatem
900 2733 1727 2810 toreis,nantiantibusrcsaissst,1ussit,utdampnasua

21 2824 194 2878 ammei
207 2821 408 2877 brustemium
415 2826 761 2895 utrorumqueexeroitus
775 2841 846 2884 oon·
861 2840 883 2899 g
898 2823 1081 2881 indomitam
1101 2822 1290 2891 vindicaturi,
1303 2823 1478 2881 auctoritate
1488 2841 1543 2883 sua
1569 2840 1602 2883 se
1618 2833 1724 2883 contra

23 2908 333 2976 unissetetarmatre
351 2910 429 2968 terro
443 2911 522 2969 acies
534 2924 671 2987 pugnam
694 2916 845 2974 atrocibus
898 2928 970 2970 eum
979 2911 1187 2980 defendentes,
1200 2913 1302 2972 totoin
1319 2928 1390 2972 eum
1403 2914 1511 2972 virium
1522 2928 1647 2973 aearum
1669 2913 1727 2972 im·

25 2994 590 3075 animisoonseruissentiicetiililonge
597 3002 845 3063 multitudinami-
898 3007 971 3078 patu
987 3003 1190 3076 insurgerent.

26 3088 102 3147 itam
114 3094 296 3163 prestarent,
311 3092 422 3147 nostris
437 3095 540 3150 umen
552 3092 674 3151 viriiiter
686 3095 844 3153 resistenti·

26 3179 85 3243 bus,
100 3177 230 3236 debris
243 3178 431 3251 pautioribus
438 3181 729 3242 cessiainnoeuates
743 3189 845 3243 aubm
936 3183 979 3238 tt.
995 3180 1033 3218 *θ’
1045 3180 1123 3240 inter
1131 3180 1197 3239 hreo
1219 3193 1290 3239 com
1308 3179 1407 3240 nuntii
1420 3182 1559 3241 anostris
1582 3182 1620 3240 ad
1631 3181 1726 3257 impa-

27 3270 109 3325 btnm
120 3266 410 3342 norissimapondus
425 3270 509 3343 prelii
522 3285 641 3330 tersum
653 3278 707 3343 est,
724 3272 797 3348 quia
812 3274 847 3331 fl.
898 3275 1029 3328 retorem
1043 3269 1201 3328 mittuntur
1216 3274 1246 3328 et
1257 3270 1309 3329 ab
1319 3286 1357 3328 co
1382 3273 1422 3329 ad
1448 3286 1500 3329 eos
1523 3273 1724 3339 remittuntur,

27 3355 74 3413 tat
91 3358 199 3414 animo
213 3361 312 3429 partes
321 3358 460 3418 adrorati
471 3360 517 3417 sui
528 3361 738 3420 buruobiensis
753 3365 847 3422 aomi-
899 3373 1001 3416 comes
1014 3360 1132 3431 egidius
1147 3360 1204 3416 roti
1217 3359 1357 3418 inefficax
1370 3362 1409 3418 de
1423 3360 1563 3420 Flandria
1573 3376 1723 3434 reversus,

27 3445 57 3500 tis
66 3444 285 3513 detondebant,
295 3451 325 3505 et
335 3448 456 3506 comitis
467 3450 778 3511 Loncnsisexercitum
790 3469 847 3512 nu·
899 3447 1054 3506 iarorabiii
1066 3463 1191 3506 suoram
1203 3449 1315 3523 gaudio
1330 3451 1484 3524 excipitur.
1495 3453 1529 3509 itt
1543 3457 1682 3510 conserta
1694 3452 1726 3510 in

27 3548 99 3593 uero
110 3536 315 3609 copiosiorem
328 3536 499 3612 frequenter
515 3553 573 3598 sua
599 3542 709 3600 audeat
736 3543 846 3602 virtuts
898 3537 1065 3595 crastinum
1079 3539 1164 3610 gravi
1173 3553 1284 3612 pugna,
1295 3541 1443 3598 exercitus
1453 3540 1570 3598 comitia
1579 3540 1724 3600 mucosis

28 3625 221 3695 proterebant
234 3627 367 3694 Quicum
378 3627 470 3685 niobil
479 3628 523 3686 eis
534 3627 632 3688 iacere
640 3632 845 3708 posset,quasi
898 3628 996 3685 uatus
1008 3643 1028 3685 a
1038 3627 1148 3686 nostris
1159 3627 1280 3702 iugatur
1287 3647 1298 3703 ;
1312 3629 1493 3703 raabdsqua
1501 3631 1646 3705 proximis
1657 3632 1727 3705 qui·

28 3711 210 3772 iaribonam
228 3714 260 3772 in
269 3730 321 3773 eos
334 3716 452 3789 inirnira
465 3733 539 3786 sure,
554 3719 594 3777 ad
603 3719 807 3795 diripiendum
817 3729 846 3783 et
898 3716 1018 3790 millii
1031 3716 1121 3783 tillia
1139 3724 1246 3775 emto
1266 3718 1285 3775 5
1305 3717 1369 3777 Kal·
1398 3719 1526 3790 Aiississii
1549 3721 1726 3791 ΒΜΜῙΟ»

29 3801 242 3860 &anundum
255 3803 336 3863 bona
349 3814 494 3865 nostrase
509 3808 648 3866 armari.
664 3815 706 3867 tta
715 3811 846 3884 primam
899 3805 1075 3864 duodecino
1083 3807 1260 3864 ridaiioetex
1270 3822 1332 3881 quo
1342 3807 1425 3882 prius
1432 3807 1621 3866 combustum
1628 3808 1728 3868 iuerat

29 3887 561 3955 bubabitanttbusrittsmnosusm
576 3898 665 3957 flurio
676 3903 711 3958 30
727 3915 846 3962 mareas
901 3895 1304 3963 anno,casteilumoomitisa
1316 3900 1409 3955 nostri
1419 3897 1724 3969 obsidioneoingitur.

30 3977 309 4055 inmmptionem
322 3981 399 4042 vitta
409 3986 534 4062 senapis,
548 4002 625 4061 quas
640 3987 666 4046 si
680 3991 783 4064 suque
795 3991 847 4050 dg.
901 3983 1725 4059 Quibusirruptionamejusmeditantibus,repantaidem

30 4067 139 4139 darm,
155 4071 263 4129 viiiam
275 4075 438 4132 cumomni
451 4087 559 4135 aarum
572 4079 765 4153 possessione
780 4095 848 4139 sru-
862 4060 886 4117 ὓ
901 4088 1004 4131 aumas
1018 4072 1196 4143 Ludorious,
1205 4074 1420 4148 quiciritatam
1429 4080 1564 4133 nostram
1578 4082 1607 4134 at
1621 4090 1730 4134 mona-

32 4155 78 4217 td
94 4161 273 4220 amminio
294 4165 561 4237 pessumdedisset.
902 4159 1245 4221 steriumaediruturum
1252 4164 1383 4222 minatus
1395 4163 1727 4236 iueratlanguoreoor·

59 4249 784 4332 rainiarimiiuraehiensiaomitaproadlnmsnrs
791 4260 847 4319 mi.
901 4256 1013 4326 raptus,
1025 4249 1124 4324 astaus
1135 4253 1274 4323 ejusdem
1285 4253 1400 4310 mensis
1413 4268 1450 4309 ex
1456 4253 1609 4326 insperato
1618 4253 1727 4310 deiun-

11 4341 13 4370 ²
33 4333 145 4397 bumin
160 4339 332 4399 Piundriam
343 4341 488 4417 proiecto,
502 4345 646 4405 exercitus
655 4351 758 4406 nmen
781 4349 846 4422 ejus
901 4341 990 4416 gitur.
1004 4341 1059 4409 Qui
1074 4340 1158 4414 apud
1171 4339 1273 4398 viliam
1285 4357 1372 4399 suam
1383 4344 1513 4399 Losame
1525 4341 1684 4414 hospitale,
1693 4344 1727 4399 ut

34 4429 234 4489 mamitus
247 4431 847 4513 eomusauuanisoecursiuuseongrc
902 4429 1728 4504 vivusprecepereasepeuturnuomortucduxtous-

37 4513 164 4578 busur.
181 4519 286 4578 saon
301 4526 403 4581 suum
417 4524 846 4597 wineusetnosuatesnaaru
901 4519 1006 4592 ontio
1024 4518 1204 4577 uouentem
1218 4520 1303 4594 (5⁷⁰),
1317 4522 1405 4593 equs
1426 4518 1521 4577 ruam
1535 4518 1615 4577 reem
1627 4533 1725 4577 roma

39 4610 173 4668 numum
187 4610 326 4684 oonsilio,
352 4611 453 4680 risum
465 4619 510 4672 ast
524 4615 571 4673 eia
592 4617 672 4691 utile,
697 4635 790 4694 super
803 4621 847 4679 tn.
900 4605 963 4667 fluo
982 4624 1039 4666 suo
1052 4608 1253 4683 desponderat
1265 4624 1400 4678 uxorem,
1416 4610 1588 4670 adnostros
1602 4608 1727 4667 veniens

40 4699 110 4757 tuti
125 4699 400 4760 uibniationissure
412 4706 551 4777 angustis
561 4706 708 4766 auxilium
718 4709 847 4784 impera.
900 4697 954 4772 qui
964 4704 1098 4756 oestrum
1107 4698 1224 4756 comitis
1233 4699 1423 4768 obsidebant,
1439 4697 1484 4756 eis
1510 4700 1610 4773 ipsum
1621 4699 1725 4756 obisse

41 4785 93 4842 hb
106 4794 256 4863 expetere.
273 4789 403 4849 illiadem
418 4791 500 4854 enim
514 4792 620 4852 diebus
640 4811 710 4854 sum
734 4814 847 4872 msgns
900 4787 1059 4857 nuntiavit,
1074 4786 1284 4862 induciatoque
1303 4790 1383 4848 heito
1405 4790 1548 4848 comitem
1572 4794 1601 4846 et
1614 4799 1667 4847 eos
1685 4788 1726 4846 ub

42 4875 192 4953 ginapum
209 4879 469 4955 terrairequentia
481 4882 596 4941 curiam
603 4899 690 4943 susm
702 4887 847 4961 Nsomsgt
901 4877 1059 4936 obsidione
1086 4881 1176 4936 castri
1190 4877 1344 4935 discedere
1358 4880 1462 4953 coegit.
1482 4875 1614 4937 iiiisdem
1634 4878 1726 4935 etiam

43 4957 160 5028 bieme
176 4967 263 5026 Vires
274 4971 500 5031 autemaomitts
513 4971 659 5032 insessis
670 4973 701 5032 tn
714 4973 779 5034 diss
793 4991 848 5036 su.
900 4967 1010 5027 diebus
1021 4967 1296 5028 atruueodsrious
1303 4966 1724 5044 tiettensiseieotusobiitidti)

676 5127 793 5186 reem
827 5133 1030 5218 rumonus,

70 5240 96 5280 ¹⁸
108 5244 213 5305 tradis
229 5244 269 5307 i'.
312 5245 351 5285 ⁸⁸·
364 5245 396 5304 a·
407 5248 537 5321 aequate
561 5250 689 5335 capitata
702 5253 843 5325 uocum,
862 5257 911 5320 dd
923 5258 1019 5318 tarbis
1033 5261 1121 5329 capet
1152 5259 1194 5315 tt.
1216 5255 1369 5318 Librarius
1380 5258 1459 5333 tulto
1484 5255 1630 5331 peram
1639 5260 1722 5336 captet

51 5309 155 5392 ”ttrite
167 5318 210 5377 ad
229 5316 318 5377 ceos
328 5318 502 5396 grandom
513 5330 667 5388 tutootatt
684 5324 721 5366 ‘⁴⁰
739 5341 823 5390 anno
837 5329 946 5389 codem
959 5328 1154 5420 supermittit
1174 5344 1257 5392 corr.

74 5535 123 5607 [m
148 5543 280 5604 mm·
816 5453 933 5518 Now.

75 5612 117 5686 itti
145 5617 273 5695 srsspt
288 5616 759 5702 summasunmuoaepp.
783 5619 979 5689 munaum.
