3884 6050
52 206 139 274 llil
811 209 1010 281 semrom.
1687 218 1767 288 idid

52 357 122 401 uno
135 337 237 399 cubitu
251 339 361 402 distem
374 341 414 402 ab
428 342 531 404 altero.
544 344 649 404 Nudus
662 349 819 405 tonsuram
837 346 885 406 vel
899 352 925 412 Α
940 350 1117 424 suspendat.
1131 350 1235 412 Nullus
1245 355 1341 411 lutum
1367 351 1399 412 in
1408 351 1502 412 domo
1530 349 1631 413 iaciat.
1655 353 1766 414 Omnes

49 429 886 510 barbirasiumiaciatabsquedecaniimperio.lnhabitn
938 441 1080 511 monachi
1096 441 1624 517 inlmcnasteriobabitanteslitleram
1638 442 1765 503 cacam

51 519 337 594 monasticopratar
350 526 473 581 cataros
487 524 604 583 nullum
618 541 732 584 norum
744 524 885 585 decorem
1169 546 1296 591 canones
1311 533 1534 606 poenitentiales.

47 609 197 667 inveniet.
212 608 306 668 Nemo
328 611 444 670 vadens
464 613 575 672 alicubi
601 615 729 673 dimittat
749 615 885 674 codicem
974 617 1765 695 neuactcrsepueturaccnvcntufratrum,etssptcu

50 697 482 775 negligenterNullusaliquid
492 703 523 761 in
532 704 827 763 commendationem
838 720 886 764 ac-
937 704 1003 764 dies
1016 707 1047 765 in
1056 724 1136 780 pane
1154 715 1182 767 et
1195 725 1273 783 aqua
1282 711 1433 785 poeniteat.
1446 707 1612 769 Iracundus
1626 714 1656 768 et
1676 708 1767 768 lurio-

49 786 148 860 cipiat
159 786 223 844 sine
233 788 382 859 iussione.
395 792 522 858 Quando
537 792 666 851 ianuam
682 797 886 868 conspergunt
938 812 1000 867 sus,
1016 797 1074 855 nisi
1088 799 1303 868 emendaverit,
1327 805 1457 875 ponatur
1478 798 1506 857 in
1529 798 1644 857 ultimo.
1664 799 1767 857 lialsus

49 874 194 949 aqua,vel
208 891 320 950 panem
331 878 453 946 faciunt,
464 880 599 955 psalmos
610 881 884 940 decantentNullus
937 885 1289 959 tastistrigintaetnovem
1300 888 1425 947 verbera
1439 887 1766 961 accipiensponaturin

49 965 94 1022 ad
109 964 244 1022 deinum
256 965 411 1024 servitium
421 968 504 1044 loqui
517 975 689 1044 praesumat.
706 974 780 1029 Cum
795 971 886 1030 irater
937 973 1378 1043 ultimo,etsicdecmnicrdine
1388 976 1681 1052 deponatur.Siquis
1691 977 1767 1037 dum

51 1054 93 1111 ad
108 1054 220 1112 exitum
231 1056 487 1130 propinquaverit,
498 1059 596 1116 omnis
611 1061 805 1131 congregatio
815 1066 885 1119 ante
937 1061 1358 1140 lalsumjudiciumproiarens
1372 1081 1535 1140 personam
1545 1066 1703 1138 acceperit,
1715 1065 1766 1123 da·

51 1143 883 1224 eumpsalmosdecanten13illoquesepulto,postvespe·
937 1153 1079 1229 gradetur
1090 1153 1129 1211 da
1141 1154 1215 1213 solio
1230 1155 1417 1227 suolnjuste
1438 1154 1588 1227 jndicans,
1601 1154 1684 1226 juste
1694 1169 1767 1212 con·

48 1247 123 1289 rum
136 1237 250 1306 septem
266 1233 401 1307 psalmos
417 1251 487 1294 eum
496 1236 608 1294 litaniis
619 1237 705 1296 omni
712 1254 837 1313 corpore
852 1240 884 1297 in
936 1239 1105 1303 damnetur.
1120 1242 1241 1302 llicistri
1256 1244 1359 1301 altaris
1377 1251 1443 1317 post
1463 1244 1611 1317 expletam
1627 1244 1766 1311 missam,

52 1323 165 1378 terram
176 1323 315 1395 prostrati
337 1324 507 1383 decantent.
526 1326 627 1384 Nullus
644 1326 882 1405 sallat[psallat],
937 1334 1101 1405 antequam
1110 1331 1303 1403 egrediantur
1313 1331 1351 1390 de
1359 1331 1529 1398 secretario,
1542 1332 1645 1390 lavant
1658 1347 1768 1390 manus

51 1409 114 1467 nisi
128 1410 241 1483 jussus.
250 1412 279 1469 Si
288 1412 400 1487 aliquid
408 1414 579 1487 perdiderit,
587 1421 752 1490 postquam
764 1417 884 1475 veniam
936 1435 1017 1476 suas.
1031 1420 1089 1477 llur
1100 1420 1223 1491 triginta
1236 1425 1265 1478 et
1275 1435 1387 1479 novem
1407 1420 1532 1479 verbera
1550 1419 1711 1494 accipiens,
1726 1419 1768 1480 oi·

51 1498 181 1572 petierit,
193 1499 224 1557 id
238 1501 323 1574 quod
337 1502 438 1560 amisit
454 1503 493 1560 de
507 1504 643 1562 vcsdaric
666 1505 803 1579 accipiat
828 1506 884 1573 Qui
936 1522 1008 1565 nere
1022 1514 1052 1568 et
1071 1508 1168 1568 cilicio
1180 1508 1339 1584 operiatur,
1359 1512 1388 1568 at
1413 1524 1525 1584 pacem
1549 1513 1579 1568 et
1591 1524 1704 1584 aquam
1718 1525 1766 1570 oo·

51 1585 169 1661 aliquid
179 1589 320 1649 invenerit
341 1606 394 1665 per
420 1595 480 1649 tres
504 1592 568 1651 dies
586 1599 657 1651 ante
672 1593 883 1652 dormitorium
936 1596 1047 1655 medat

49 1740 1756 1781 Q

298 1878 516 2002 PETRI
558 1878 862 2005 DIACONl
909 1882 1279 2007 EPISTOLAE
1328 1882 1533 2007 TRES.

542 2065 700 2139 (Mearm
715 2067 812 2141 simpl.
826 2066 899 2126 eost.
913 2068 941 2135 l,
956 2073 1020 2136 700,
1036 2084 1073 2126 ex
1086 2086 1145 2127 ms.
1163 2070 1273 2143 casin.)

54 2161 76 2217 l.
89 2159 289 2246 Adflicbbcm
297 2161 496 2221 Romanorum
507 2164 742 2248 'formatricem
756 2197 792 2208 -
807 2166 882 2252 ⁰⁰”t
898 2165 1131 2235 Blamitetibus,
1151 2171 1225 2243 quot
1248 2168 1417 2227 infortuniis
1440 2165 1616 2227 abiciantia
1639 2166 1707 2240 ipss
1717 2165 1767 2240 ia·

89 2232 230 2317 'mim
241 2235 279 2291 ἀί
287 2236 524 2320 (timebam
536 2243 717 2307 mimmii*
726 2244 752 2294 θ’
760 2238 882 2296 Uim
935 2260 1015 2314 ctata
1028 2258 1078 2325 sis,
1094 2273 1164 2315 cum
1179 2258 1208 2314 in
1222 2246 1338 2315 eisdem
1351 2257 1422 2326 iare,
1438 2260 1472 2314 ut
1486 2257 1529 2314 sic
1539 2256 1651 2322 dicam,
1662 2255 1767 2315 innata

88 2304 171 2361 Μ’
181 2305 323 2364 Bw‘moe
334 2322 512 2380 ‘mmm‘
523 2307 621 2379 (ΑΜ
635 2308 727 2383 ¹¹³9')
934 2344 1035 2403 icaria
1046 2345 1147 2403 Pelicis
1162 2347 1316 2405 memorias
1328 2346 1471 2405 dominus
1486 2350 1586 2404 noster
1605 2345 1766 2418 imperator

89 2428 224 2486 Domine
252 2430 410 2490 liicnraaa
430 2430 491 2489 lieo
517 2435 656 2505 protecte
677 2435 880 2491 Romanorum
935 2433 1310 2509 Lotbariuc,quitesibiin
1331 2435 1491 2508 conjugem
1504 2434 1643 2507 elegerat,
1658 2433 1767 2491 adim·

52 2516 244 2591 imperatrici,
258 2519 365 2578 Parcus
380 2520 529 2588 Dttccrtus,
544 2525 612 2595 post
622 2521 776 2594 praesentis
801 2522 869 2581 vitm
933 2522 1767 2599 pertalefastigiumpromoaerat,inqnamsolamcuncta

52 2612 150 2665 metas
162 2608 266 2665 aterni
281 2610 365 2681 regni
379 2609 539 2667 calculum.
934 2612 1056 2683 negotia
1066 2613 1193 2670 Romani
1218 2613 1330 2686 imperii
1344 2613 1545 2680 commiserat,
1567 2615 1639 2686 post
1653 2610 1766 2671 multas

51 2695 207 2766 liuttoties,
222 2699 396 2773 imperatrix
409 2699 529 2767 invicta,
545 2700 688 2774 impetam
711 2701 787 2774 coepi
806 2715 879 2759 con·
933 2715 1013 2776 quas
1037 2717 1108 2759 cum
1131 2702 1198 2777 ipsc
1220 2701 1367 2776 pertulisti
1380 2701 1546 2774 angustias,
1563 2705 1636 2775 post
1660 2700 1765 2760 orbem

52 2784 166 2844 solandi
182 2793 309 2845 vestram
329 2788 534 2857 eminentiam,
561 2788 711 2846 multoties
734 2790 877 2848 continui.
933 2791 1115 2858 Romanum,
1134 2794 1165 2848 ut
1183 2790 1224 2849 ita
1249 2790 1387 2859 dixerim,
1414 2806 1486 2848 cum
1505 2804 1543 2848 eo
1562 2793 1764 2863 peragratum,

53 2876 88 2935 Ut
97 2875 265 2949 idprottnus
275 2876 879 2952 iaceremplurimainvilabant,precipue
934 2877 1041 2935 cumin
1055 2876 1120 2935 dies
1132 2877 1332 2952 adimperiale
1344 2877 1531 2936 domicilium
1544 2892 1613 2934 cum
1627 2890 1664 2936 eo
1677 2890 1761 2935 acce

50 2965 381 3026 autemdomiuincstri
403 2966 593 3042 imperatoris
607 2967 878 3028 Lotbariideiuncti
931 2964 1224 3039 leraresrchassum
1234 2963 1764 3041 nectproncotcr‚ma1tcrumsccic·

50 3052 184 3127 fidelitas,
200 3059 264 3113 brm
277 3060 384 3114 verba
397 3056 560 3129 augustalis
578 3056 743 3115 clementiae
765 3058 796 3113 in
822 3073 879 3116 nos
933 3072 1002 3117 rum
1012 3056 1116 3115 dolore
1131 3055 1311 3129 gravissimo
1325 3055 1464 3114 extulisti.
1482 3058 1610 3114 benaco
1627 3058 1670 3112 tot
1687 3051 1764 3127 peri·

48 3143 189 3216 indignos
202 3144 330 3216 dilectio,
345 3148 377 3202 ut
390 3143 541 3218 lacrymas
561 3147 678 3203 vestras
693 3146 747 3203 etsi
765 3160 803 3203 ex
816 3150 879 3204 toto
934 3144 1013 3212 cula,
1024 3151 1067 3203 tot
1079 3149 1271 3218 metus,qucs
1285 3145 1349 3203 sine
1361 3144 1517 3203 interstitio
1531 3144 1719 3202 incursantes
1732 3140 1762 3199 ia

51 3232 149 3306 sopire
167 3247 229 3291 non
248 3235 424 3307 potuissem,
439 3233 557 3292 interim
572 3239 650 3293 certe
662 3234 709 3292 rel
724 3235 878 3293 abstersis·
932 3238 1043 3296 tecum
1057 3239 1140 3293 tanto
1154 3249 1266 3292 casura
1275 3233 1440 3308 pertulisti:
1456 3231 1558 3303 modo,
1572 3231 1674 3300 modo,
1688 3245 1761 3289 cum

50 3332 135 3376 sem:
151 3324 180 3377 nt
194 3321 379 3380 retardarem
395 3328 504 3383 autem.
530 3323 664 3382 sciebam
687 3323 784 3381 dolori
812 3329 874 3394 tuo,
932 3323 1070 3382 nondum
1080 3322 1637 3398 prioresluctusintegrecompcsueris,
1651 3318 1764 3392 lugenti

50 3405 235 3467 dumrecens
244 3410 371 3478 seviret,
381 3424 569 3485 prepropera
583 3411 803 3469 occurrendum
814 3426 876 3470 non
932 3409 1763 3486 adbuctibiluctnsadjrmctusest,atcumquasisolatium

51 3510 125 3562 esse,
140 3512 179 3555 ne
190 3497 274 3556 illum
286 3499 354 3574 ipsa
364 3499 473 3558 eadem
486 3498 593 3557 solatia
603 3499 704 3574 potius
714 3499 874 3567 irritarent,
892 3549 916 3612 c
931 3505 975 3559 tot
993 3517 1206 3573 aerumnarum,
1221 3500 1303 3575 quod
1326 3501 1463 3560 videlicet
1488 3500 1587 3560 sclam
1607 3497 1761 3557 residuum

50 3592 252 3659 exagerarent,
268 3589 467 3646 accenderent
480 3607 488 3647 t
504 3604 571 3647 nam
586 3604 667 3662 saepe
679 3589 818 3647 videmus
843 3590 875 3647 in
930 3595 994 3648 erat
1007 3589 1528 3661 invisentegeneravestsollxtsrrcc
1542 3588 1617 3646 duce
1628 3586 1760 3646 Bavariaa

49 3674 119 3747 ipsis
128 3691 251 3750 quoque
267 3678 380 3735 morbis
394 3677 590 3737 immaturam
602 3677 783 3738 medicinam
808 3694 875 3735 esse
930 3679 1076 3737 tebabere
1088 3679 1341 3752 putares,.snbito
1357 3694 1413 3737 nec
1432 3677 1567 3736 obinanti
1580 3677 1761 3734 vobismors

49 3764 334 3837 perniciosissimas.
354 3766 571 3840 Exspectabam
597 3766 697 3840 itaque
730 3766 805 3824 dum
830 3767 873 3840 ip·
929 3767 995 3839 eius
1010 3767 1418 3840 immaturatditrelataest:
1442 3765 1653 3838 gravissimum
1670 3763 1761 3837 plane

49 3859 143 3910 semet
155 3853 331 3912 dolorvires
344 3871 416 3912 suas
430 3855 603 3929 deponeret,
634 3859 666 3912 ut
693 3869 781 3912 mora
799 3855 875 3912 miti·
929 3855 1290 3929 estomnibusqussaobis
1303 3849 1761 3929 postdecessumdomininostri

48 3945 136 4015 gatus
160 3944 239 4015 tangi
262 3960 294 4000 se
330 3943 572 4017 quodammodo,
600 3944 809 4018 attrectarique
833 3944 874 4001 ad
925 3943 1118 4016 imperatoris
1136 3942 1450 4014 lothariiobtigernnt
1463 3939 1760 4010 recensrulnasmcc

47 4030 363 4089 remediasustinenda
378 4032 572 4106 permitteret.
581 4033 657 4089 Ante
673 4037 872 4106 tamenqnam
926 4035 1028 4089 autem
1037 4046 1190 4088 summam
1201 4033 1288 4107 rupit,
1297 4031 1351 4089 sad
1367 4035 1482 4104 pectus,
1496 4030 1600 4098 lateas,
1610 4029 1759 4088 etriscara

46 4135 116 4177 cam
130 4134 167 4176 eo
185 4119 373 4193 congrediar,
397 4117 487 4179 adero
508 4119 561 4190 illi,
581 4125 610 4177 et
629 4119 788 4193 aliquanta
808 4119 873 4195 qui-
925 4120 994 4194 ipsa
1007 4121 1181 4178 divisittnec
1191 4134 1228 4177 ex
1238 4120 1350 4178 intacto
1362 4134 1488 4192 corpora
1503 4124 1556 4177 tuo
1569 4119 1620 4177 hic
1632 4118 1758 4191 sanguis

46 4209 101 4266 bas
110 4208 253 4265 excitetur
264 4208 295 4264 in
311 4208 489 4265 memoriam
502 4208 657 4275 reducam,
680 4212 710 4264 et
723 4224 791 4282 quas
807 4210 872 4281 jam
926 4208 1100 4283 effluxitper
1113 4210 1194 4283 ipsas
1206 4208 1359 4266 cicatrices
1369 4223 1536 4283 percussas,
1545 4208 1598 4265 sed
1611 4206 1757 4281 quemad·

46 4296 133 4369 quasi
142 4295 275 4354 obducta
287 4295 423 4353 sidentm
432 4295 599 4354 rescindam
613 4301 643 4354 et
652 4297 808 4370 proteram,
819 4313 872 4371 op-
924 4298 1168 4357 modumtirones
1177 4296 1280 4355 leviter
1288 4297 1536 4364 sauciatl,tamen
1543 4296 1756 4362 vocitarentur,

45 4384 115 4442 timo
128 4383 266 4443 videlicet
278 4400 315 4443 sc
337 4385 464 4443 solemni
487 4399 596 4457 genere
622 4385 808 4446 consolandi.
838 4387 871 4444 lli
924 4387 1097 4446 utvetarani
1110 4385 1252 4461 quamvis
1267 4386 1398 4445 confossi
1411 4386 1555 4458 patienter
1572 4401 1614 4444 ac
1625 4386 1690 4442 sine
1704 4398 1756 4457 ge·

46 4474 431 4548 itaquedeantgemantque
446 4472 569 4540 diutius,
580 4490 708 4548 quorum
723 4474 871 4533 delicatis·
925 4476 999 4534 mita
1013 4476 1111 4533 curari
1122 4476 1314 4550 sepeliuntur
1325 4490 1404 4534 :non
1416 4475 1509 4543 enim,
1518 4472 1754 4532 clementissima

46 4562 137 4620 simas
151 4568 267 4621 mantes
276 4562 530 4634 enarravitlonga
540 4561 673 4636 felicitas
688 4561 870 4622 effeminavit
922 4564 1056 4632 domina,
1076 4563 1245 4638 italugandi
1257 4563 1450 4639 suntquiqua
1459 4562 1572 4629 fideles,
1582 4563 1757 4634 aitAposto·

44 4650 171 4719 luxuria,
184 4651 867 4725 quispemsusmomurnotixerunticsecuto,
921 4654 979 4725 lus,
996 4652 1110 4711 sicutet
1124 4654 1221 4710 cestui
1235 4653 1288 4726 qui
1302 4667 1387 4725 spem
1410 4667 1470 4710 non
1483 4652 1609 4712 babent:
1622 4650 1653 4708 Si
1675 4650 1753 4710 enim

45 4740 108 4814 qui,
126 4756 196 4814 quaa
211 4739 363 4798 sintbona
377 4739 428 4798 illa
442 4739 597 4813 perennia,
612 4739 660 4797 vei
670 4739 812 4810 ignorant
831 4757 868 4798 ex
922 4741 1242 4815 credimusqttodsescs
1252 4747 1385 4799 mortuae
1404 4747 1445 4800 est
1457 4740 1753 4808 strauerecttsttcct

47 4835 116 4896 toto,
130 4830 157 4886 si
181 4829 286 4895 scium,
310 4828 534 4887 oblectamentis
557 4827 643 4900 sopiti
662 4828 867 4888 mundialibus
921 4833 1062 4889 Deseror
1084 4831 1135 4904 qui
1155 4829 1331 4888 umbrant
1353 4845 1409 4902 per
1431 4829 1528 4887 iucem
1550 4829 1752 4888 cddasetcttm

45 4916 207 4988 remeunt
218 4919 255 4974 tt
268 4932 395 4990 puornm
404 4915 650 4973 leracmneaaani
673 4915 866 4987 perdirersas
882 4909 905 4968 ὓ
920 4937 962 4979 ec.
977 4922 1064 4992 nego,
1080 4919 1314 4978 clementissima
1327 4920 1462 4988 domina,
1476 4923 1509 4977 ut
1516 4916 1752 4976 consolationem

44 5020 132 5064 curas
144 5006 334 5076 transierunt,
347 5020 486 5079 quorum,
500 5005 586 5077 juxta
595 5003 781 5076 Apostolum,
796 5022 867 5064 con·
921 5010 1087 5084 accipiatis,
1096 5007 1424 5076 hortamur;istaenim
1432 5003 1750 5081 moraquidestalind,

44 5095 172 5152 sanabo
193 5095 225 5151 in
239 5093 322 5152 cmlis
336 5097 390 5161 est,
406 5094 459 5167 qui
483 5099 513 5150 et
535 5092 681 5150 vanitates
705 5093 816 5164 saculi,
835 5101 868 5153 ut
921 5098 978 5155 nisi
986 5097 1097 5155 relictio
1111 5097 1255 5168 corporis,
1268 5096 1418 5170 depositio
1429 5095 1555 5153 sarcinae
1565 5095 1751 5167 gravisttts·

44 5182 233 5255 coeligaudia‚
245 5184 384 5256 prudenti
391 5183 563 5242 acdiscreto
571 5183 864 5256 cordeperpendunt,
920 5189 950 5243 ta
964 5202 1006 5254 as,
1021 5185 1231 5260 oimperatrix‚
1257 5184 1402 5243 moritura
1416 5200 1448 5244 es
1463 5199 1542 5259 tque
1565 5183 1664 5243 ibisnt
1687 5198 1751 5243 non

44 5273 220 5349 gravissima
231 5289 354 5347 quoque
370 5271 510 5347 qualibet
529 5270 677 5328 immobili
699 5275 866 5330 constantia
920 5275 1169 5342 moriarisiouid
1182 5273 1303 5340 iaciant
1316 5289 1375 5332 non
1388 5274 1548 5333 moriaris?
1558 5276 1593 5334 Ut
1608 5273 1750 5331 Dominus

45 5362 201 5439 perierunt.
214 5362 290 5429 Quid
303 5377 427 5434 pergam
441 5359 572 5417 reterre?
582 5374 709 5417 numera
726 5366 800 5435 quot
818 5378 866 5419 ca·
921 5363 1000 5421 Deus
1013 5368 1083 5421 tuus
1098 5363 1303 5428 consolaretur
1315 5366 1353 5430 te,
1364 5363 1487 5440 propria
1501 5364 1656 5422 voluntate
1672 5360 1750 5420 mosi

80 5486 136 5560 (99)
149 5489 235 5544 Anno
253 5489 329 5543 itte.
346 5483 580 5559 Quidelenburgi
592 5485 747 5559 repentino
763 5485 871 5545 morbo
883 5491 1048 5563 correptus,
1062 5503 1114 5546 xus
1128 5487 1281 5548 Kalendas
1294 5488 1428 5549 Octobris
1439 5487 1591 5558 occubuit,
1612 5485 1749 5561 prabito,

44 5564 77 5619 ut
86 5558 217 5633 plerique
230 5557 375 5624 scribunt,
388 5571 514 5615 veneno.
