3884 6050
30 262 91 331 lii
484 260 691 331 cuuuutuutt
710 259 921 335 diuninse
945 296 985 329 m
1005 269 1284 339 remuneratio.
1686 269 1747 330 444

29 390 322 554 409384υωῖ844
333 391 419 464 (tub.
431 407 497 463 tum
506 397 549 459 bt
563 393 754 465 inveniens
769 394 810 455 td
823 396 926 467 wione
941 401 1254 479 temporaraneum.
1275 399 1354 461 Obiit
1372 402 1474 459 suurn
1491 396 1521 456 io
1533 395 1640 455 desine
1661 400 1690 454 et
1703 396 1747 455 itii

31 496 87 553 sep
123 484 171 545 tus
186 483 231 543 est
258 482 333 557 833).

67 569 217 633 chronico
232 568 384 629 Casinomi
395 570 498 633 Petrus
508 570 756 635 continuationem
772 572 998 643 adiunxitauno
1009 577 1097 637 tertia
1112 583 1182 651 post
1195 594 1243 637 res
1258 593 1361 643 ocrem
1371 571 1743 646 numerumnunerum

29 662 77 714 est
87 673 173 713 anno
188 659 220 712 4).
235 661 312 715 triu.
326 659 482 715 sedetiam
498 675 566 731 quea
583 660 640 715 Leo
653 661 893 733 seripserai,non
906 663 1018 721 intacta
1034 667 1162 739 reliquit.
1178 670 1252 724 Nam
1271 684 1338 740 quae
1353 668 1380 722 in
1394 665 1462 723 cod.
1478 664 1609 722 iaddita
1630 670 1701 721 strat
1717 668 1747 721 st

29 750 160 813 48414848,
175 763 194 807 u
207 746 292 809 Petro
302 746 519 821 proiecimus,
532 748 598 820 18⁰¹
612 751 689 818 A¹¹8·
701 749 739 809 du
750 752 829 811 Nuce
839 749 922 817 uidit,
936 754 1023 818 duod
1036 768 1106 817 aunt
1119 770 1170 828 per
1181 771 1213 812 sa
1227 756 1383 813 uerisimile
1393 753 1440 820 sit,
1454 753 1526 825 quia
1538 753 1569 810 iu
1583 767 1619 808 eo
1628 756 1745 808 tantum

30 835 137 899 ⁰⁰⁶1ssss
152 836 346 908 reuertuntur,
354 837 407 910 tini
421 838 509 899 etiam
521 836 1427 917 continuationemcontinet,ee'aampranatmquaapleraque
1438 844 1533 914 agunt
1542 840 1746 897 deeomitibus

30 924 219 995 Tusculanis,
231 924 307 989 Patri
315 926 409 991 austu
418 925 589 997 gentitibus,
604 926 717 1007 quibus
729 927 816 998 plene
831 928 943 996 sitniiiu
956 930 1147 991 inveniuntur
1172 932 1201 989 in
1225 933 1290 1003 ejus
1305 931 1440 1000 catalago
1460 929 1636 1002 pontliiaum
1659 930 1746 1001 (838).

32 1014 184 1075 praterea
193 1011 297 1073 addita
310 1018 379 1079 aunt
391 1029 457 1087 qua
471 1012 616 1079 scriniarii
632 1029 757 1081 manum
769 1015 900 1086 produnt
911 1020 930 1082 4,
950 1022 984 1075 aa
994 1035 1001 1085 i
1013 1019 1047 1085 li,
1063 1022 1089 1084 8,
1112 1019 1150 1079 de
1164 1020 1237 1081 ceila
1252 1019 1411 1093 iiiuglensi,
1423 1016 1632 1077 desinansibus
1643 1021 1748 1089 postea

34 1100 192 1157 subducta
204 1100 371 1177 &diutile
386 1101 452 1175 aliis
466 1101 641 1158 monasterii
657 1103 897 1172 possessionibus
909 1106 941 1171 il,
956 1110 1001 1172 88,
1017 1111 1062 1173 37,
1076 1111 1120 1175 ni,
1130 1113 1173 1164 89.
1190 1111 1290 1181 Neque
1306 1123 1324 1163 a
1337 1107 1414 1163 Petri
1428 1106 1549 1175 ingenio
1564 1104 1662 1161 aliena
1677 1109 1748 1160 sunt

33 1204 105 1262 qum
117 1188 157 1243 da
172 1188 324 1247 miraculis
335 1189 436 1247 addita
451 1189 578 1262 legimns
587 1188 620 1253 li,
633 1193 728 1255 8880,
739 1197 773 1246 ut
787 1201 894 1249 caetera
906 1208 1037 1266 qnoque,
1054 1195 1203 1268 inquibus
1216 1196 1255 1253 ab
1267 1195 1333 1252 aliis
1350 1195 1417 1253 cod.
1430 1198 1446 1249 2
1459 1193 1564 1261 dillert,
1580 1194 1645 1264 eius
1657 1209 1749 1249 manu

35 1277 189 1334 vindicare
211 1278 371 1351 possimus.
383 1281 517 1345 Quorum
528 1278 644 1336 minuta
658 1279 780 1353 quidem
797 1284 903 1354 atquae
917 1281 1024 1339 eodem
1033 1283 1099 1354 jure
1111 1283 1158 1341 vel
1172 1284 1229 1358 ipsi
1249 1285 1336 1341 Leoni
1348 1283 1394 1340 vei
1406 1282 1511 1341 scribae
1526 1281 1637 1338 codicis
1659 1281 1750 1336 tribui

36 1370 190 1439 poterant,
200 1367 274 1424 iuter
286 1368 385 1437 nedae
396 1367 537 1439 leetpnss
551 1367 720 1455 poetitioni,
737 1370 847 1441 saeris
861 1370 938 1441 integ
953 1375 1068 1443 tautum
1096 1374 1125 1447 et
1138 1376 1225 1441 eatae
1249 1372 1349 1439 locum
1361 1384 1450 1437 suum
1469 1369 1702 1442 assignavimus.
1716 1398 1751 1409 -

36 1455 301 1513 continuationem
311 1457 428 1529 scripsit
439 1473 457 1513 a
468 1456 660 1512 moredano
674 1455 806 1513 ecciesiae
819 1458 899 1515 Beati
909 1456 1028 1516 ilartlni
1046 1458 1393 1533 (iiiildestiiialguo
1405 1458 1541 1531 incapite
1559 1457 1623 1529 iem
1637 1462 1751 1513 tantum

36 1542 207 1600 mutavitat
218 1544 342 1610 addidit,
353 1548 387 1601 ut
400 1544 429 1600 id
441 1544 468 1599 in
479 1543 575 1600 ironia
590 1543 690 1616 operis
702 1544 766 1615 ejus
781 1545 972 1616 repetendum
983 1546 1167 1603 duxerimus.
1178 1550 1285 1604 Fontes
1299 1564 1368 1603 cnm
1374 1549 1460 1617 jussu
1475 1545 1619 1618 Raynaldi
1633 1545 1752 1601 abbatis

38 1631 78 1693 sd
89 1631 286 1699 uditbtssdttin
301 1648 334 1693 se
348 1631 716 1699 annuntientudhiuutiso
727 1633 836 1696 sedicit
846 1634 971 1704 rectius
981 1635 1380 1707 ueuaaarempaattacum,
1393 1633 1525 1705 Gregorii
1537 1633 1621 1689 vitat
1633 1646 1753 1689 susces-

36 1736 145 1778 sorum
160 1722 236 1792 ejus,
251 1736 306 1778 nec
326 1736 386 1778 non
401 1720 568 1793 principum
578 1725 605 1776 et
620 1718 735 1785 ducum
757 1726 851 1789 88848,
862 1736 931 1793 titt!
951 1724 1044 1786 biuda
1056 1725 1247 1794 excerpserit,
1260 1723 1350 1779 mode
1361 1728 1391 1779 ut
1401 1722 1511 1794 scripta
1527 1725 1611 1778 erant
1621 1721 1751 1777 inserue-

37 1809 77 1865 rit
91 1826 99 1875 ;
111 1814 221 1865 casura
232 1808 390 1867 &uibranti
405 1809 593 1879 adoreamque
607 1808 683 1878 (838)
698 1808 893 1864 relationibus
904 1810 1116 1882 comperuisse,
1127 1809 1481 1883 plurimaipsumvidisse.
1491 1809 1547 1866 Sed
1563 1808 1694 1879 Gregorii
1705 1808 1754 1862 Vll

38 1898 171 1970 registro
190 1913 229 1954 an
245 1913 319 1954 usus
330 1897 377 1964 sit,
392 1896 497 1954 dubito
514 1915 521 1966 ;
537 1896 661 1951 Victoris
676 1897 828 1965 registrum
844 1898 1037 1969 exscripsisse
1051 1897 1175 1965 videtur,
1199 1898 1282 1971 qnod
1295 1898 1333 1954 de
1346 1897 1482 1954 Paschali
1497 1899 1521 1953 ΙΙ
1535 1900 1650 1953 constat
1665 1894 1753 1969 (889).

41 1986 83 2041 De
98 1985 221 2042 Urbano
234 1986 255 2042 ll
269 1991 336 2059 post
350 1986 527 2057 electionem
541 1985 607 2059 ejus
624 1999 717 2057 panea
736 1989 848 2051 muitum
863 1986 953 2057 habet
968 2005 975 2055 ;
992 1986 1030 2043 de
1044 1986 1218 2059 innocentio
1231 1987 1256 2059 ll
1278 1992 1307 2043 et
1322 1987 1465 2061 anacleto
1485 1985 1545 2057 iere
1564 1984 1637 2059 nihil
1650 1988 1755 2069 preter

41 2089 170 2131 causam
182 2073 260 2130 iilam
273 2089 374 2145 eoram
399 2072 534 2131 Lolbarle
549 2073 703 2151 agitatam.
718 2073 862 2143 Praeterea
874 2060 1029 2157 exscripsit
1048 2072 1171 2141 annales
1186 2075 1359 2147 casinenses
1381 2074 1468 2159 (843),
1482 2073 1534 2155 qui
1559 2073 1590 2139 in
1604 2073 1755 2149 Anonymi

43 2162 214 2235 Chronicon
225 2164 330 2236 postea
344 2162 511 2233 transcripti
527 2164 603 2227 sunt,
619 2158 760 2217 Amatam
775 2161 861 2232 (844),
878 2161 1018 2231 besideri
1041 2161 1178 2232 diaiagos
1194 2162 1280 2249 (848),
1298 2164 1403 2235 Leonis
1415 2162 1586 2233 relationem
1599 2161 1636 2223 de
1652 2176 1756 2217 conse·

43 2251 177 2309 eratione
191 2251 323 2309 ecclesiae
338 2252 413 2324 (843)
425 2266 433 2317 ;
443 2246 602 2319 Historiam
616 2248 685 2305 beili
700 2238 867 2327 sacrititii
881 2292 888 2316 ,
900 2248 983 2315 Paulli
1001 2251 1099 2319 Vitam
1112 2250 1140 2306 S.
1158 2250 1308 2327 Geblznnis
1321 2252 1407 2335 (845),
1422 2249 1495 2307 Petri
1512 2249 1597 2311 nam.
1614 2247 1755 2333 epistolas

43 2338 133 2421 (848).
146 2340 218 2485 (tue
231 2355 268 2396 ex
282 2339 325 2396 eis
338 2337 513 2412 desumpsit,
529 2335 706 2423 plerumque
717 2339 752 2393 ad
767 2338 895 2402 uerbum
909 2336 1075 2411 descripsit,
1089 2338 1147 2407 Leo
1163 2344 1263 2413 etitem
1275 2356 1291 2396 e
1305 2340 1493 2401 diversorum
1522 2343 1676 2397 auctorum
1689 2353 1757 2394 nar-

42 2428 154 2485 rationi
179 2444 225 2503 us,
240 2444 310 2485 cum
325 2428 366 2484 eis
381 2443 449 2502 quen
473 2425 591 2503 aliunde
606 2430 823 2505 comperuerat,
848 2443 962 2497 novum
978 2427 1039 2517 lpse
1059 2443 1138 2502 opus
1153 2428 1326 2495 elaboravit.
1354 2431 1390 2489 at
1404 2428 1494 2501 multo
1509 2428 1598 2483 etiam
1624 2426 1721 2496 magis
1738 2442 1756 2497 a

44 2520 143 2574 mone
156 2516 258 2573 Petrus
269 2515 329 2573 fida
342 2506 448 2587 differt,
463 2530 533 2571 cnm
549 2528 610 2570 nen
625 2514 723 2583 selum
736 2515 913 2571 donationes
924 2521 952 2572 et
966 2517 1025 2575 alia
1034 2515 1312 2595 privilegiaailerat,
1327 2532 1395 2595 quae
1407 2531 1462 2597 pro
1473 2515 1608 2597 genuinis
1622 2514 1757 2591 accipere

42 2605 93 2662 vix
104 2606 267 2678 possimus,
284 2620 386 2662 verum
398 2605 488 2660 etiam
498 2599 566 2660 iaisl
579 2602 643 2676 ipse
652 2608 753 2675 aperte
767 2618 836 2659 rens
853 2608 1087 2677 tecantandum
1108 2605 1144 2660 tv
1181 2608 1226 2679 3),
1242 2604 1330 2673 urunt
1343 2605 1495 2681 signensis
1510 2594 1665 2683 epistolam
1681 2603 1758 2661 inser

41 2693 91 2761 rit,
106 2707 176 2767 quie
188 2708 225 2763 aa
247 2692 323 2750 Petri
339 2694 422 2750 Dum.
442 2707 548 2767 opusc.
562 2690 596 2749 48
611 2688 740 2747 conflata
755 2696 808 2767 est,
835 2697 865 2753 et
883 2692 907 2755 si
919 2693 975 2748 hcc
988 2691 1024 2749 ab
1040 2692 1105 2765 ipsc
1131 2694 1229 2751 Brund
1255 2691 1369 2755 luctum
1398 2708 1462 2749 esse
1476 2690 1640 2758 contendis,
1655 2692 1700 2763 lit,
1711 2690 1755 2767 48,

42 2780 213 2839 orationem
228 2780 253 2849 ei
267 2780 378 2851 tribuit,
393 2797 429 2838 ex
441 2781 498 2854 ipsi
512 2781 601 2849 lirani
617 2779 960 2852 epistoliscurppositam,
971 2780 1058 2849 Quod
1072 2780 1096 2836 sl
1110 2780 1169 2837 hoc
1182 2796 1264 2837 more
1277 2781 1375 2839 multis
1386 2779 1581 2852 scriptoribus
1591 2779 1662 2837 oiim
1671 2793 1757 2837 usur-

43 2874 118 2943 pato
129 2885 274 2926 excusare
289 2870 373 2939 velis,
390 2869 420 2926 in
435 2868 627 2927 defendenda
641 2884 739 2939 cerain
755 2867 929 2941 imperatore
945 2869 1216 2939 monasteriicausa
1229 2871 1259 2923 et
1270 2868 1424 2953 privilegia
1435 2868 1464 2924 in
1481 2883 1569 2923 usum
1581 2869 1668 2925 uocat
1680 2880 1756 2931 nun-

43 2954 139 3034 quam
153 2958 483 3032 detestandisque
499 2957 599 3015 adhuc
608 2962 770 3036 supersunt
783 2956 875 3028 verba
890 2955 976 3014 affert
988 2971 1055 3031 quac
1069 2958 1099 3014 in
1112 2957 1155 3013 eis
1168 2956 1279 3013 trustra
1293 2955 1467 3036 quaerimus,
1481 2958 1510 3011 et
1523 2954 1590 3034 ipsa
1604 2968 1757 3026 canonum

45 3048 204 3106 verbasci
218 3047 454 3122 corrumpit,vei
471 3047 555 3105 laisis
570 3047 705 3122 assignat
719 3047 899 3116 auctoribus.
921 3046 978 3103 Sed
1005 3046 1064 3102 hoc
1088 3045 1212 3109 luctasse
1226 3045 1411 3122 negligentiae
1431 3044 1495 3126 ejus
1509 3042 1637 3104 tribuere
1647 3044 1756 3120 possis.

45 3152 142 3211 quae.
154 3154 184 3206 g.
197 3137 429 3196 carlomannum
444 3151 505 3194 non
519 3136 613 3194 semel
634 3135 791 3193 contundit
812 3151 883 3192 curu
898 3134 1003 3203 carolo
1028 3136 1135 3208 Magno
1154 3133 1248 3202 :iilud
1269 3133 1423 3200 falsarium
1443 3130 1604 3190 manifesto
1617 3131 1756 3204 ostendit,

46 3225 138 3283 tlidcs
153 3226 243 3298 igitur
257 3230 370 3299 quanta
388 3227 418 3284 in
432 3239 468 3292 eo
482 3226 609 3298 legendo
630 3240 649 3282 o
673 3241 707 3281 us
720 3225 757 3280 sit
771 3223 918 3282 cautione.
945 3221 1092 3294 Caeterum
1106 3223 1137 3281 in
1155 3221 1377 3282 continuatione
1391 3237 1481 3299 quam
1509 3236 1537 3278 a.
1557 3221 1625 3278 4438
1637 3217 1761 3276 deduxit

47 3315 223 3372 monasterii
237 3330 325 3372 casus
340 3315 409 3373 satis
420 3319 559 3382 accurate
573 3241 692 3371 retulfi:
709 3312 846 3385 plurimis
867 3310 1055 3400 interspersis
1070 3310 1283 3374 miraculorum
1297 3307 1530 3380 narrationibus,
1558 3306 1710 3376 nonnullis
1723 3306 1760 3368 de

46 3403 119 3460 virts
134 3401 298 3474 eruditione
313 3409 341 3461 et
355 3405 473 3475 ingenio
497 3403 677 3474 insignibus.
699 3400 779 3458 altas
791 3403 890 3457 autem
903 3415 951 3457 res
972 3403 1074 3474 gestas
1087 3415 1148 3456 nen
1160 3399 1201 3472 ita
1215 3397 1525 3476 tractavitutiseonis,
1541 3402 1760 3456 secutusexem·

47 3493 147 3565 plum,
163 3494 339 3562 gravissima
353 3508 483 3580 quaeque
498 3507 566 3567 quer
580 3491 707 3562 ltaliam,
717 3489 883 3546 interiorem
898 3488 1247 3578 praecipueaitingereni,
1257 3486 1490 3546 breuirelaiione
1502 3483 1758 3558 complecteretur,

48 3580 102 3637 sed
113 3586 348 3653 tanquemcreco
360 3583 474 3654 impetu
488 3586 516 3637 et
527 3580 615 3666 plane
629 3577 751 3635 loriulto
762 3594 839 3634 nunc
856 3576 932 3633 ultra
952 3573 1076 3633 modum
1096 3575 1210 3649 prolixe
1232 3580 1344 3642 narrat,
1360 3589 1439 3629 nuuc
1465 3572 1582 3628 silentio
1589 3571 1711 3715 premit,
1726 3576 1759 3630 ui

47 3683 74 3725 e.
90 3683 120 3739 g.
133 3669 256 3726 mummi
270 3670 415 3726 momenti
424 3685 472 3726 res
482 3685 551 3742 qum
566 3668 717 3741 caperest
732 3665 887 3726 Beneventi
908 3663 1081 3721 aeciderunt
1092 3679 1129 3732 pa
1152 3661 1241 3720 verbu
1255 3662 1378 3738 quidem
1403 3660 1532 3732 attigerit
1560 3659 1588 3730 (i
1607 3660 1642 3728 7).
1656 3660 1687 3713 in
1701 3659 1759 3715 slu-

47 3755 128 3828 gulis
138 3761 240 3814 autem
253 3756 411 3832 narrandis
422 3773 515 3832 quam
530 3771 639 3830 parum
653 3759 790 3814 accurate
802 3752 1067 3828 egerit,speeimem
1076 3751 1172 3808 habes
1181 3751 1226 3821 lii,
1235 3752 1323 3807 70438
1333 3755 1502 3822 temporum
1514 3747 1619 3806 ordine
1635 3746 1759 3802 minime

47 3843 193 3916 sollicitus
208 3845 273 3922 iuli,
287 3846 369 3921 quod
383 3837 561 3914 vel'aumeri
577 3859 727 3916 annorum
739 3833 970 3916 parentheslBus
986 3840 1093 3898 inclusi
1108 3840 1207 3916 primo
1219 3839 1327 3896 obtutu
1347 3838 1445 3901 dicere
1460 3839 1596 3924 possunt.
1619 3833 1760 3904 Oratione

48 3949 125 3990 usus
140 3939 185 3991 est
209 3934 371 4006 negligenti
383 3936 412 3991 et
429 3933 580 4009 inaequali,
595 3947 693 4006 neque
708 3947 727 3988 a
740 3930 917 3990 solaecismis
936 3930 1059 4008 aliisque
1081 3927 1200 4000 mendis
1214 3926 1353 3998 lmmupi,
1367 3924 1424 3982 etsi
1439 3938 1545 3981 eorum
1569 3919 1715 3980 nonnulla
1729 3920 1762 3977 li·

49 4022 153 4080 bracio
165 4023 265 4095 potins
280 4039 374 4097 quam
386 4024 471 4080 Petro
490 4022 586 4096 culpae
598 4027 708 4077 vertas
726 4020 780 4077 Ubi
796 4020 833 4076 ad
848 4018 1071 4090 altercationem
1079 4016 1162 4073 iilam
1175 4015 1265 4090 venit,
1282 4014 1370 4071 altius
1383 4011 1519 4087 insurgit,
1530 4009 1660 4068 flosculis
1676 4022 1764 4066 orna·

53 4114 103 4168 tus
116 4109 298 4182 Vngtltsnts,
319 4126 424 4167 rerum
453 4115 481 4167 et
505 4110 570 4166 haec
595 4110 637 4166 ita
656 4109 764 4181 scripta
777 4111 858 4174 sunt,
872 4112 904 4164 ut
922 4105 1090 4163 tesunantts
1106 4103 1215 4162 calami
1235 4102 1360 4174 uestigia
1378 4100 1517 4174 prodant,
1532 4114 1595 4173 quo
1621 4097 1764 4155 inchoare
1855 4161 1862 4170 ,

54 4198 173 4257 libellos
184 4199 348 4266 consuevit,
360 4199 514 4257 elaborare
528 4215 597 4256 raro
611 4202 729 4256 tantum
744 4195 896 4254 susdnuit.
912 4194 988 4253 Nam
1015 4197 1078 4252 arte
1089 4192 1239 4251 scribendi
1258 4207 1318 4249 non
1331 4191 1451 4267 penitus
1465 4204 1535 4245 eum
1548 4187 1690 4254 caruisse,
1706 4185 1765 4259 epi·

849 4296 976 4360 Nutu..

95 4394 160 4466 (888
191 4394 284 4453 catal.
298 4394 338 4462 im
363 4399 525 4458 aratorum,
540 4397 607 4458 etc,
625 4391 756 4450 subsistit
768 4392 799 4450 in
813 4395 887 4450 cen·
977 4388 1052 4466 (444))
1070 4389 1115 4464 ili,
1142 4387 1188 4453 88,
1215 4388 1261 4468 in,
1283 4388 1327 4452 80,
1356 4383 1474 4451 wli,
1506 4385 1548 4447 46.
1564 4382 1609 4439 ¹⁸·
1637 4382 1684 4445 2⁰,
1717 4379 1764 4450 79,

58 4466 147 4548 rado.
172 4409 374 4524 onocaniiofl.
390 4469 419 4522 et
434 4459 673 4548 Guthaldmiion,
694 4464 804 4528 88444,
822 4467 884 4546 844).
941 4465 986 4542 88,
1005 4461 1051 4517 87.
1074 4453 1129 4526 Ubi
1156 4458 1263 4530 eoderp
1287 4467 1385 4538 errore
1414 4453 1534 4540 Petrum
1553 4452 1673 4535 lapsum
1698 4465 1765 4518 esse

60 4538 88 4594 aa
108 4536 197 4594 Falso
211 4537 357 4608 itlecuius
384 4538 479 4594 Vitam
494 4542 610 4607 scnpsri
634 4534 731 4608 abbas
746 4534 887 4604 (lanensis
941 4532 1175 4602 animadvertes,
1191 4544 1251 4604 que
1265 4526 1368 4592 scribe
1382 4527 1414 4580 ut
1428 4540 1459 4580 sn
1480 4528 1565 4584 Anon
1585 4595 1590 4606 ¹
1622 4538 1631 4578 r
1658 4520 1765 4577 descri-

59 4607 163 4674 iuit‚a.
175 4609 245 4665 4448
257 4609 480 4678 mortuus,buic
491 4605 650 4680 superfuit;
669 4604 887 4662 sedlddnbium
940 4604 1043 4660 bendo
1054 4603 1125 4661 anni
1134 4599 1432 4680 sequentiarumeroa
1441 4611 1509 4652 cum
1517 4609 1568 4668 ges
1582 4592 1683 4666 isanni
1692 4605 1763 4666 pree·

58 4685 172 4735 manet.
941 4673 1134 4740 cedanttscsn
1150 4673 1300 4748 ungerent,
1318 4672 1388 4724 sunt
1410 4666 1533 4726 inducti.

94 4750 161 4819 (883
192 4750 467 4808 beslrisiliei‘i.
991 4746 1054 4814 til)
1073 4743 1119 4811 lli,
1153 4748 1178 4808 8.
1725 4805 1731 4817 .

94 4821 164 4892 (884
196 4821 271 4877 Prot.
288 4821 308 4878 4.
322 4822 370 4888 iv,
385 4820 484 4888 Verba
506 4818 544 4876 de
565 4817 698 4875 berarde
712 4821 741 4874 et
754 4817 888 4886 buldonc
989 4816 1052 4885 848)
1068 4817 1113 4883 ili,
1145 4814 1189 4880 aa,
1215 4815 1259 4896 43,
1291 4814 1335 4874 84,
1360 4810 1405 4868 84.
1430 4805 1589 4882 complura
1611 4822 1626 4864 e
1649 4804 1766 4886 perdito

59 4889 262 4948 cardinalibus
287 4908 312 4948 e.
337 4896 397 4962 teo,
425 4879 486 4960 iit,
569 4894 616 4946 tea
637 4889 825 4944 insertaesse
845 4889 888 4945 vi·
941 4886 961 4943 l.
990 4890 1091 4943 veum
1107 4901 1174 4942 sum
1199 4880 1427 4956 arsaceslstima.

59 4961 171 5019 dantur
184 4967 254 5035 post
266 4977 296 5019 a.
314 4966 390 5027 4448,
403 4953 449 5018 vel
465 4962 506 5018 ab
528 4975 583 5035 pso
597 4953 682 5016 Petro
709 4958 752 5015 vel
763 4959 802 5016 ab
818 4959 887 5015 alio.
990 4958 1052 5026 848)
1070 4955 1114 5024 iv,
1131 4960 1157 5022 8,
1176 4900 1202 5012 8.

95 5032 175 5104 (838)
194 5032 335 5090 Nondum
349 5033 429 5090 edito
444 5048 492 5100 ;v.
513 5034 535 5099 1,
551 5036 581 5100 8)
601 5029 654 5098 ;44,
668 5034 695 5095 4,
709 5031 753 5096 87,
767 5032 811 5106 88,
842 5033 886 5100 84),
990 5031 1054 5094 844)
1073 5027 1119 5094 lv,
1137 5031 1179 5092 (4.

58 5110 104 5172 ii,
121 5109 157 5160 88
171 5122 178 5172 ;
192 5101 239 5176 ill,
255 5108 281 5168 ti,
298 5105 340 5160 47.
991 5097 1054 5171 848)
1074 5097 1122 5166 444,
1137 5098 1181 5164 48,

95 5175 172 5244 (838)
187 5174 231 5240 lv,
253 5178 292 5239 te,
305 5167 351 5230 tii.
992 5172 1054 5236 848)
1073 5169 1121 5236 144,
1137 5171 1181 5226 88.

94 5245 170 5317 (837)
190 5245 268 5302 Prol.
282 5245 303 5301 l.
317 5246 362 5301 IV.
379 5248 419 5304 iix
454 5257 562 5302 emona
578 5243 680 5300 ieoms
692 5242 820 5317 loquitur
838 5241 887 5309 lli,
980 5239 1055 5314 (847)
1074 5239 1167 5295 Cruee
1186 5238 1367 5317 signatorum
1393 5231 1608 5314 expeditionem
1632 5232 1771 5316 insede-

59 5320 105 5382 44,
122 5321 150 5372 et
166 5318 270 5383 44474),
299 5318 354 5375 etsi
385 5319 415 5374 in
432 5261 512 5374 libro
538 5321 645 5388 quarto
671 5330 703 5372 se
736 5321 889 5378 auctorem
943 5312 1052 5377 scribit,
1068 5310 1165 5366 donec
1189 5307 1376 5364 Antiochiam
1393 5304 1575 5372 veniunth‚
1592 5305 1769 5371 ii;deinde

60 5387 366 5528 awggipffigetdffiii,
377 5448 423 5520 it.
439 5451 587 5532 Cgpbppip
602 5451 649 5534 it,
666 5457 709 5528 88,
943 5454 994 5534 git.
1011 5449 1056 5524 Ab
1068 5449 1182 5580 wlago
1197 5461 1224 5524 a.

107 5527 173 5603 884)
192 5527 242 5596 lii,
255 5531 290 5586 88
305 5541 353 5601 sq.
942 5519 1058 5594 alata.
1109 5561 1118 5590 ,
1170 5560 1179 5580 .

943 5375 1770 5528 mwffiwwfflmem

1327 5437 1769 5536 WQMWW·
