3884 6050
47 182 96 247 se
420 182 1373 269 curtius.rucccc..-unu.-cccrucsnc;11.
1706 190 1766 279 ιιι,

77 318 105 373 8.
121 314 309 375 Procedente
321 315 428 377 deh‘mc
441 322 578 395 tempore
604 321 686 381 idem
713 327 816 381 custos
830 337 876 380 se·
891 321 1052 395 &pondos
1066 335 1187 397 prorsus
1195 317 1322 377 incute.
1332 318 1404 385 oue
1415 317 1529 386 omnic,
1540 317 1613 393 quie
1622 316 1714 376 nichil
1723 333 1762 375 ex

47 403 288 462 dibusetiormis
300 408 535 479 congruentibus
547 408 673 469 chorum
682 411 878 473 nobilitetur·
930 410 989 468 hiis
1002 426 1081 469 noro
1093 409 1176 484 operi
1185 423 1237 481 pre
1260 407 1369 464 rilitete
1383 406 1430 463 sui
1443 410 1581 479 poterent
1594 405 1698 475 inseri,
1711 406 1763 466 de·

47 492 136 561 nent,
151 494 373 553 monesterium
391 501 528 555 cemento
539 497 712 572 plesmevit,
725 506 880 574 mumque
932 499 1042 572 posuit,
1057 504 1086 556 et
1100 513 1183 556 novus
1199 495 1318 554 lubricos
1337 495 1495 553 meteriem
1520 494 1608 552 celeri
1624 494 1762 551 industrii

48 581 426 655 ipsiusnerimecrncellc
437 600 532 660 usquc
545 585 586 644 ed
594 602 699 646 ereum
710 588 880 647 interiorem
933 587 1056 645 ertiticis
1071 586 1170 646 studio
1197 589 1338 651 erectum,
1350 589 1471 657 propter
1493 583 1609 648 tretrcs,
1623 583 1676 657 qui
1703 582 1761 640 hec

49 670 164 737 coierit,
176 671 754 750 perimentumpreterceeutecepellem
762 683 868 737 ceneto
931 676 1061 751 illucque
1070 674 1259 750 persngulcs
1273 671 1393 730 claustri
1403 671 1489 744 queri
1500 671 1622 746 dispersi
1632 672 1761 730 dormie-

48 759 271 819 ruml'rudonis
282 761 537 836 etltucberiipene
546 766 880 840 usqueedsepulchrum
934 764 1005 822 bent
1016 764 1153 822 iesdncto
1166 758 1315 834 cooperiri
1326 759 1404 816 lecit.
1419 759 1599 817 Extericrcm
1608 775 1675 817 vero
1687 759 1759 816 dor-

48 848 311 908 ebbebsFotcerdi
318 849 411 923 polito
418 849 879 927 lepide‚operedecenti,strerit.
933 852 1043 913 mitorii
1054 866 1175 909 murum
1188 864 1267 907 noro
1278 847 1415 921 lepidum
1435 862 1525 921 opere
1540 846 1704 905 exolutum
1716 846 1761 904 in·

49 938 160 996 Verum
181 953 241 996 nec
253 937 353 997 ebbes
367 938 498 998 Wiricus
519 946 591 1000 tunc
604 944 759 1017 quideme
776 942 881 1003 lebore
933 941 1033 999 teriori
1048 940 1214 1015 αᾱοοοοοι,
1236 942 1296 994 tres
1319 937 1351 993 in
1389 952 1425 994 co
1447 935 1596 995 tenestres
1621 935 1759 994 decentes

47 1026 194 1099 oesnbet,
212 1026 268 1084 sed
282 1030 463 1101 vetereque
477 1029 613 1103 repereri
626 1036 774 1106 poterent,
790 1035 823 1090 ut
837 1032 880 1090 sic
933 1031 1045 1089 stetuit
1060 1032 1166 1088 Totum
1180 1042 1253 1099 ergo
1267 1025 1434 1084 dormitorii
1445 1025 1599 1083 editicium
1625 1027 1685 1082 heo
1708 1039 1761 1082 en·

48 1114 161 1174 dictum
173 1116 223 1186 sit,
236 1116 640 1179 eutresercisbeteutocre
662 1136 719 1196 pro
732 1120 881 1180 veteribus
932 1123 1044 1180 nuente
1053 1117 1131 1175 mire
1145 1114 1317 1190 spectebilis
1342 1114 1442 1187 operis
1456 1112 1606 1172 celeritate
1628 1112 1759 1187 perfecit,

47 1202 175 1263 hrmiori
189 1210 220 1264 et
229 1204 364 1263 nobiliori
377 1220 469 1281 opere
483 1209 683 1271 construsbet
932 1206 1017 1282 quod
1027 1205 1120 1267 etiem
1130 1209 1250 1278 propter
1263 1202 1399 1276 lepidum
1412 1202 1545 1261 netirem
1559 1200 1760 1276 intemperen-

78 1293 104 1350 e.
123 1293 172 1354 De
184 1293 319 1353 trebrbus
330 1294 421 1367 igitur
429 1311 499 1370 ques
513 1296 545 1355 in
565 1298 699 1357 mucello
711 1298 880 1372 jeouerent,
932 1296 1016 1364 b'em,
1031 1289 1460 1369 quieinhysmsprctrigcrcs
1453 1306 1484 1348 ια
1495 1295 1590 1348 estete
1601 1305 1654 1364 pre
1662 1290 1762 1348 celone

49 1397 177 1484 queque
189 1398 245 1458 pre
256 1386 403 1442 vetustus
415 1387 597 1460 etpervttete
608 1387 695 1446 sulin
706 1386 790 1447 idem
803 1404 882 1464 opus
932 1384 1076 1443 iratribus
1084 1381 1280 1442 incommodo
1302 1386 1469 1448 cretenau
1482 1384 1602 1454 postero
1614 1377 1763 1436 industrie

48 1471 153 1545 reponi
169 1487 236 1530 uon
247 1477 413 1546 potuerunt,
425 1471 575 1533 domum
566 1490 598 1533 ιο
613 1492 673 1549 que
682 1476 788 1535 trebes
801 1476 881 1536 lere·
896 1476 1000 1575 Beicis
1010 1472 1142 1530 celetem
1155 1475 1211 1539 est,
1230 1476 1262 1528 ut
1284 1468 1346 1528 leni
1365 1474 1603 1541 temperamento
1617 1463 1738 1539 frigus
1730 1481 1762 1524 ια

49 1565 159 1629 rentur,
172 1560 395 1632 balnearentur,
405 1578 490 1620 secus
498 1565 880 1638 pomeriumncstrumedr
933 1561 1043 1636 hyeme
1053 1564 1083 1619 et
1094 1558 1265 1618 celoremin
1277 1562 1370 1617 estete
1390 1558 1521 1615 muniret
1533 1555 1762 1632 quiescentibus

49 1649 157 1715 locut,
173 1649 880 1721 solerioetiemetnecesseriiscemcriscrnerit‚
933 1650 1084 1711 ineodem
1105 1649 1209 1707 domo.

48 1737 169 1810 lsptdee
183 1739 308 1812 insuper
320 1744 433 1798 tecture
445 1743 609 1816 cooperuit.
624 1742 757 1802 liiisdem
768 1748 881 1818 tempo·
970 1742 1014 1798 lt.
1030 1739 1093 1797 tlcc
1107 1738 1197 1796 modo
1207 1752 1279 1810 crgo
1286 1735 1462 1795 dormitorio
1477 1735 1620 1809 prolecto,
1635 1725 1759 1792 domum

50 1826 141 1897 ribos,
168 1831 235 1885 tem
258 1828 324 1900 eius
343 1828 442 1887 studio
464 1846 557 1903 quem
575 1831 723 1890 industrie
747 1832 881 1891 custodis
932 1844 1055 1906 quoque
1070 1828 1205 1901 proxime
1219 1832 1350 1885 stentem
1365 1841 1505 1899 reperere
1528 1825 1666 1882 intendit.
1691 1826 1759 1881 lieo

51 1913 175 1983 trnoltt,
204 1913 327 1974 sollicite
341 1922 370 1975 et
387 1916 514 1977 fideliter
542 1934 598 1992 pro
624 1919 732 1981 decore
754 1925 880 1979 ornetur
932 1920 1025 1988 enim,
1039 1924 1116 1976 tecto
1130 1931 1185 1973 suo
1198 1913 1596 1989 inprecepspendcotc,nisi
1609 1912 1758 1971 sibicitius

51 2002 184 2062 eccluiee
204 2002 436 2073 desudentis,in
450 2007 533 2065 reric
545 2014 655 2069 ornetu
679 2009 822 2084 empliete
836 2011 881 2067 est
932 2004 1477 2077 subveniretur,ruioemdempncsem
1484 2001 1759 2074 minebetur.crrtus

51 2093 177 2150 eccesie
189 2097 307 2161 nostre,
319 2094 610 2168 tepetibcsrideticct
619 2103 649 2155 et
658 2097 767 2172 pellite,
776 2097 880 2172 ceppis
932 2097 1060 2172 pericles
1075 2110 1163 2153 muro
1176 2092 1343 2152 dormitorii
1357 2090 1684 2164 eturudtncedcqosus‚
1700 2095 1759 2149 tre·

52 2181 152 2240 sericis
185 2185 216 2238 et
243 2181 434 2256 philacteriis,
462 2184 599 2244 crucibus
622 2191 652 2245 et
672 2186 731 2245 clio
756 2192 880 2247 ornetus
931 2179 1666 2260 &mucellaedeJiciens,etiemeutem,quiecurte
1674 2179 1760 2236 nimis

50 2271 121 2329 wli
137 2285 261 2343 imre»
274 2272 427 2330 illnlerito
450 2272 524 2332 illud
545 2274 772 2350 psalmographi
794 2276 881 2335 utris·
932 2281 1028 2345 ment,
1042 2272 1127 2347 operi
1141 2273 1333 2330 concinenter
1351 2269 1519 2344 ¹,adeptens
1541 2283 1653 2327 novem
1668 2281 1762 2341 cupre

49 2376 106 2434 <1¹¹⁶
120 2359 879 2434 9⁰⁸⁸1¹⁰⁸ntsuocmene,uitectceecrcoutomcs
932 2365 1084 2433 noterium
1095 2356 1567 2433 erexittoternqusdomumsicut
1581 2355 1761 2414 eidormito·

50 2452 118 2509 Μ
931 2450 1164 2523 rruminsrgniet
1175 2449 1363 2507 eminentiss
1373 2445 1521 2521 leprdrbus
1531 2451 1645 2504 tecture
1656 2443 1762 2503 nobili

82 2542 128 2596 to.
150 2539 273 2597 interim
299 2539 505 2599 dormitorium
523 2540 663 2610 bubum,
693 2543 881 2603 cumminete
933 2546 977 2601 ter
990 2538 1153 2615 cooperuit
1183 2538 1392 2597 Perimentum
1425 2543 1561 2610 preteree
1588 2535 1699 2593 recenti
1724 2550 1761 2592 ex

49 2627 165 2686 ebbetis
178 2628 319 2687 etmedie
329 2631 408 2687 intre
418 2638 578 2705 utrumque
587 2630 708 2703 domus
723 2648 879 2707 quenunc
934 2629 1044 2701 ergrlle
1056 2626 1313 2699 decenterstrerrt,
1324 2631 1354 2684 et
1363 2626 1528 2699 perietibus
1536 2629 1673 2682 cemento
1682 2623 1761 2682 hene

48 2717 239 2775 relectorium
249 2717 367 2786 dicitur,
380 2719 523 2777 stremine
536 2721 642 2780 omnio
652 2727 804 2796 cooperte,
817 2724 881 2781 eni·
932 2719 1101 2795 plesmetis,
1116 2716 1334 2792 pulcherrimus
1348 2717 1458 2774 vitrces
1472 2714 1617 2773 ienestres
1629 2720 1658 2771 et
1672 2714 1760 2771 sedes

50 2821 134 2863 mum
144 2806 213 2880 ejus
227 2806 416 2866 vehementer
430 2809 590 2880 augebunt,
605 2814 635 2868 et
649 2815 681 2869 ut
694 2826 726 2868 sc
749 2811 781 2869 in
797 2811 881 2870 nobi·
932 2806 1161 2868 comedentibus
1168 2806 1323 2864 habilesin
1334 2820 1371 2863 ec
1380 2804 1497 2862 locerit.
1510 2803 1760 2877 Venustiquoque

50 2893 153 2952 liorem
168 2894 286 2953 decoris
310 2902 421 2955 ctutum
443 2898 618 2958 innovendc
645 2904 808 2971 meterent,
830 2901 880 2961 die
898 2869 1760 2972 coperisceluturedcmumegregieccnsnmmetemedor·

50 2989 203 3059 nouoque
223 2983 276 3059 pie
299 2983 498 3046 solicitudine
524 2989 734 3062 perurgebunt.
761 2988 880 3050 Volsbet
931 2986 1059 3055 devitet
1072 2983 1268 3054 relectorium,
1277 2985 1352 3042 sicut
1366 2997 1436 3041 cum
1446 2978 1759 3054 tundereturdisposi·

50 3073 173 3147 quidem
193 3074 296 3133 omoie
309 3075 468 3150 corrigere,
490 3077 608 3152 sedpre
628 3080 767 3152 ungustie
790 3084 820 3139 et
838 3085 880 3139 te·
932 3082 998 3142 tum
1009 3080 1127 3147 eretut
1146 3080 1233 3147 esset,
1258 3072 1404 3132 emmodc
1433 3069 1569 3129 instituit.
1591 3069 1759 3145 coquinent

51 3164 163 3221 nuttetc
176 3178 287 3222 censen
309 3163 445 3224 diffidere
473 3171 561 3241 cepte
580 3182 670 3242 posse
688 3168 879 3238 confirmare,
933 3181 1005 3224 vero
1005 3164 1138 3240 ,quieeb
1148 3159 1573 3232 eedemdcmonimiseberet,
1588 3158 1640 3218 ubi
1653 3158 1760 3216 ostium

51 3265 147 3308 ruens
159 3251 370 3325 proculdubio
390 3251 570 3328 insipientie
594 3257 833 3326 essoribcndcm,
855 3259 880 3316 si
933 3254 1056 3314 eleustri
1070 3259 1141 3311 tunc
1155 3258 1229 3320 eret,
1245 3250 1438 3326 ubicoquine
1455 3255 1542 3317 esset,
1555 3247 1716 3319 ordinerit,
1731 3251 1762 3305 ct

51 3340 121 3413 quid
133 3340 252 3400 ulbe
227 3343 393 3400 ruesrisus
406 3341 510 3402 luisset
522 3344 598 3404 velle
607 3347 720 3405 coneri
722 3346 881 3421 Frequenti
932 3343 1116 3418 competenti
1126 3342 1333 3409 alternatione
1340 3346 1371 3398 ut
1385 3340 1427 3397 ibt
1434 3354 1567 3413 coquina
1582 3342 1715 3410 steteret,
1717 3335 1759 3394 ibi

50 3444 117 3488 rero
127 3445 258 3488 suorum
267 3429 592 3502 hortetuemmebetur
598 3450 635 3495 ce
645 3434 804 3502 diffideret
806 3451 882 3493 nere
932 3432 1053 3494 drusui
1071 3432 1225 3492 introitum
1238 3430 1303 3488 lieri
1330 3429 1510 3502 desipuerit.

51 3519 128 3592 qnod
150 3518 317 3577 nsccuius
342 3525 371 3579 et
392 3525 520 3595 paterne
538 3522 709 3584 sollicitudo
733 3524 879 3596 exigebet,
971 3526 1015 3581 te
1036 3520 1158 3580 boebcs
1166 3518 1414 3592 igiturdcmrbur
1421 3517 1597 3576 dormitorio
1610 3515 1721 3575 scthcet
1732 3520 1763 3573 et

50 3613 129 3665 metu
155 3606 330 3683 eliqcorum
356 3617 532 3684 sumptuum
557 3612 714 3670 omitteret
739 3613 882 3672 llicebent
933 3608 1109 3676 retectioric,
1124 3608 1251 3666 mirrtlcc
1265 3612 1391 3682 opereet
1404 3611 1652 3679 magnorumptu
1666 3603 1761 3679 perle-

51 3695 139 3754 ctisrn
155 3711 229 3754 eum
245 3712 308 3754 non
319 3698 426 3756 debere
441 3699 577 3760 diffidere
587 3701 626 3758 de
645 3701 697 3759 bei
719 3708 749 3760 et
761 3702 881 3777 petroni
933 3700 998 3770 ctis,
1011 3698 1147 3756 restebet
1156 3696 1369 3756 nichilominus
1384 3697 1473 3754 tercie
1487 3694 1607 3761 domus,
1623 3701 1706 3752 tento
1720 3694 1761 3751 ed

52 3787 93 3841 sni
110 3784 279 3858 adjutorio,
289 3801 363 3845 vero
374 3788 524 3861 privetum
538 3805 604 3847 esse
616 3790 779 3865 eliquendo
785 3791 881 3850 enimi
933 3787 1138 3848 ediflceodum
1151 3786 1302 3846 difficilior
1315 3790 1429 3861 quentc
1441 3784 1568 3856 insignis
1581 3783 1699 3842 decoris
1712 3784 1760 3840 sui

51 3872 266 3941 reidesiderio‚
277 3876 417 3949 quisquis
431 3876 463 3933 in
486 3878 617 3951 equitete
635 3879 789 3938 embulens
808 3895 880 3938 oum
933 3873 1344 3951 prerogetirscetertstuture
1356 3879 1422 3933 eret
1449 3873 1630 3932 nobiliorlio
1647 3873 1761 3947 quippe

53 3961 131 4018 bone
143 3962 332 4036 opereticnie
339 3964 439 4022 studio
446 3964 572 4023 fideliter
589 3967 723 4026 cochem
733 3967 836 4027 luisset
848 3969 880 4026 in
934 3967 965 4024 io
979 3963 1313 4032 locc‚ubireiectcrium
1337 3963 1454 4037 pridem
1472 3962 1580 4030 lueret,
1596 3968 1626 4019 et
1637 3960 1688 4019 ubi
1708 3961 1762 4019 ho·

53 4049 184 4109 Domino.
201 4049 312 4109 Volens
325 4068 397 4124 ergo
405 4055 547 4123 vincitur,
562 4061 592 4112 et
606 4054 806 4129 passibilitatis
817 4072 881 4116 sues
935 4053 1028 4128 spitcs
1040 4054 1121 4112 rcflci
1141 4058 1359 4111 consueverent
1372 4066 1522 4110 cenerum
1531 4051 1762 4125 pulcherrimum

53 4139 191 4198 mercium
201 4139 330 4198 intendit
340 4145 419 4198 totus
433 4142 472 4200 ed
481 4141 566 4217 qrrcd
584 4144 784 4213 enimebetur,
798 4145 879 4217 deje·
934 4141 1088 4211 exstruxit,
1103 4142 1135 4200 in
1146 4158 1209 4217 que
1219 4141 1388 4215 prepositus
1396 4141 1531 4200 ecclesie
1545 4156 1616 4199 cum
1630 4142 1692 4197 suis
1700 4138 1764 4214 ple·

53 4234 156 4303 cuque
166 4243 229 4287 non
236 4228 749 4304 multcposterundineedormttorii
757 4238 880 4303 tectme,
895 4250 921 4309 1)
934 4234 1049 4304 citeret,
1062 4238 1173 4306 etque
1190 4232 1221 4288 in
1233 4246 1307 4288 usus
1325 4230 1450 4289 iretrum
1465 4232 1665 4305 expendendo
1677 4233 1763 4287 erent

54 4317 88 4373 ed
98 4316 327 4392 reparationem
341 4318 409 4391 ejus
435 4321 553 4380 erdenti
567 4322 670 4380 enimc
685 4337 717 4380 se
742 4322 879 4382 ecoinxit.
934 4322 1119 4382 reconderet.
1128 4319 1380 4394 Superiuseutem
1391 4318 1595 4378 eminentioris
1607 4317 1763 4385 demusin

54 4404 264 4464 ltecdiilidens
286 4412 449 4480 petrocum
474 4425 565 4468 suum
582 4410 637 4470 sibi
657 4411 881 4486 cooperationis
935 4428 999 4487 que
1011 4413 1076 4486 ipse
1091 4414 1257 4468 moreretur
1270 4414 1300 4466 et
1319 4408 1494 4482 quiesceret,
1508 4407 1710 4465 lundomentu
1719 4408 1763 4483 je7

54 4493 232 4553 bmehcium
246 4496 435 4568 prestitutum
447 4496 520 4572 lore,
537 4504 631 4558 tctem
644 4501 708 4575 spei
721 4516 785 4558 suu
798 4499 831 4558 in
845 4517 882 4560 ec
936 4502 1062 4571 citello
1074 4497 1429 4575 idoperistoteenimum
1439 4496 1575 4570 deligens
1585 4497 1762 4565 interdictu,

55 4581 144 4657 tecm
159 4583 341 4656 enehorum,
356 4586 568 4647 edmirendem
578 4589 686 4663 ingebs
700 4594 882 4649 structurum
935 4591 1063 4649 domum
1072 4590 1170 4664 ipsem
1182 4588 1300 4646 mirifici
1311 4586 1411 4662 operis
1420 4586 1573 4660 insignivit
1586 4586 1763 4646 decorellx·

56 4670 168 4732 lubrice
179 4672 883 4751 virilitersggrsssusesrccnsommcrcucgctus
936 4679 1055 4737 structis
1066 4678 1185 4736 enimin
1194 4675 1500 4748 estenestrismegois
1514 4680 1544 4734 et
1556 4676 1763 4756 eureoepeci7

56 4761 293 4830 unctus'lrudo,
307 4766 342 4821 ut
352 4779 481 4839 semper,
491 4764 811 4826 indelesscleboretcri
826 4781 882 4825 suc
935 4766 1005 4839 bus,
1021 4783 1090 4842 que
1099 4766 1344 4842 sunbsmdcmo
1350 4770 1543 4840 prospectum
1553 4764 1643 4838 longe
1650 4765 1762 4839 dirige·

57 4850 218 4917 reexibnit,
232 4853 262 4906 et
272 4850 357 4923 quod
370 4851 881 4926 illepiietlectusstudioinchcevil,
934 4863 1011 4923 rent,
1026 4860 1056 4914 et
1069 4861 1162 4915 totum
1185 4854 1365 4914 medieiere
1379 4854 1762 4929 ciritetispleniciemocu·

56 4935 113 5009 ipse
127 4939 882 5014 usqueiopcrtectioperisoonsummeticnemieltcl
933 4945 972 5005 lls
986 4944 1164 5004 intuentium
1180 4942 1315 5010 offerent,
1331 4949 1484 5019 totumque
1497 4944 1655 5016 ingeniose
1675 4943 1764 5002 indu-

58 5027 197 5086 necessu
211 5028 359 5101 perduxit
373 5029 483 5088 Trabes
501 5030 595 5102 igitur
605 5032 746 5105 predicte
759 5033 881 5105 domus,
912 5052 919 5093 ι
934 5035 999 5093 ctrii
1009 5034 1139 5109 opererii
1149 5039 1212 5092 erte
1227 5032 1352 5092 mtrillce
1363 5038 1618 5105 consummetem,
1632 5032 1765 5093 tumerie

58 5115 882 5196 urendosquidemsedbreres,etrixmediumutriusque
936 5115 1768 5198 nucesqucdcctcpumcdtemcsncremttcsctcegrsi

60 5205 125 5263 emi
143 5203 287 5280 specium
308 5206 497 5279 ettingentes,
523 5207 629 5279 tigrius
655 5210 828 5286 columpnis
849 5211 882 5292 in
933 5210 983 5288 gie
996 5210 1344 5283 nobiliterit.Antccu5us
1358 5210 1523 5282 introitum,
1537 5210 1762 5285 dimissoquesi

63 5294 153 5353 usdic
171 5294 341 5358 dormitorii
351 5296 711 5374 positissuetectebentur,
726 5299 882 5387 lequeerie
935 5299 1646 5374 deembuletoriivicemodicolocispetio,eliem
1659 5299 1762 5358 nichil·

65 5391 132 5450 tero,
146 5383 305 5460 utpotede
319 5383 416 5459 tregili
430 5385 524 5461 ligno,
539 5385 628 5448 relde
643 5393 727 5448 erent
738 5387 844 5450 debilis
853 5394 883 5449 et
933 5387 1077 5450 hominus
1101 5404 1255 5449 cernerem
1281 5388 1310 5448 el
1337 5389 1501 5461 contigium
1527 5387 1702 5459 construxit,
1729 5389 1765 5450 in·

66 5474 197 5534 bieme
206 5472 275 5553 jem
288 5474 429 5554 pedride,
448 5481 479 5535 et
491 5475 532 5537 sd
544 5480 608 5538 tem
625 5476 757 5553 inuento
772 5478 883 5541 editicii
934 5494 1030 5560 quem
1041 5492 1155 5540 muse
1166 5494 1231 5540 sure
1240 5477 1762 5560 supeltectilemreconderentetque
