3884 6050
225 204 301 267 isit
700 201 730 265 S.
753 201 908 267 emonis
927 193 1205 260 transmissis
1225 195 1404 265 eruceri.
1859 204 1940 265 {348

224 332 418 407 minepoterit
427 332 561 407 adipisci,
574 333 664 392 firma
676 334 704 390 in
714 329 1047 409 perpetuumetillibsia
1063 327 1243 393 Aexeuhias
1257 334 1358 400 agant,
1373 336 1404 388 et
1413 330 1540 406 propriis
1562 330 1738 389 utilitatibus
1766 341 1834 390 tam
1865 334 1940 392 ioris

222 422 320 479 eidem
331 424 509 479 monasterio
528 423 707 480 etiratribus
721 423 796 480 inibi
809 424 868 480 Deo
897 418 1047 478 servienti·
1101 432 1195 489 quam
1207 417 1468 477 iutusioserviaut.

222 510 280 567 bus
295 516 499 582 permaneant.
1137 506 1326 578 Adquoru'm
1342 508 1586 566 sustentationem
1615 508 1681 566 haec
1707 511 1821 583 praedia
1837 511 1936 569 eidem

258 599 335 655 Sane
349 599 524 656 advocatum
538 598 780 656 eidemcoenobio
793 594 1049 670 nullumspeciali·
1101 591 1168 648 ioco
1183 594 1360 652 contulimus
1376 612 1383 651 :
1399 595 1568 661 vellendorf,
1590 597 1788 668 tragamusil,
1800 600 1935 666 Gissitai

221 695 265 745 tar
278 686 479 759 designamus,
496 687 546 744 ssd
556 687 736 745 advocatum
748 687 849 744 aitaris
868 686 947 742 Beati
971 683 1047 740 Petri
1101 696 1167 753 quae
1180 697 1319 739 unacum
1334 682 1510 742 ecclesiane
1524 685 1731 759 mancipiisac
1754 687 1935 745 molendino

220 777 394 851 principalis
409 775 699 848 ecclesim,ejusdem
713 776 843 834 coenohii
856 774 1047 832 defensorem
1101 770 1529 846 comparavimusatttchprrm
1543 772 1581 830 de
1611 775 1742 833 saxonia
1774 780 1935 848 octoginta

221 880 287 921 csse
305 865 466 920 sancimus.
481 864 673 920 Decernimns
694 879 765 936 ergo
785 868 818 920 ui
836 861 909 919 nulli
924 861 1048 918 omnino
1101 858 1261 929 marcis,et
1273 859 1444 917 Gebehardo
1470 863 1571 918 comiti
1591 862 1630 919 de
1653 862 1802 921 sulzbach
1828 867 1933 923 deien-

219 954 370 1011 homrnum
386 952 586 1010 liceatlocum
601 953 700 1025 ipsum
730 958 835 1009 temere
858 949 1046 1024 perturbare,
1100 946 1197 1004 sanda
1212 947 1430 1008 commisimus.
1446 953 1519 1006 item
1539 949 1851 1011 silwizettlrunowa
1870 972 1934 1028 quar

220 1048 272 1101 aut
283 1045 348 1114 ejus
363 1042 570 1116 possessiones
584 1042 710 1108 auterre,
725 1041 772 1101 vel
785 1038 1045 1110 ahiatasretinere,
1100 1036 1217 1092 eminus
1229 1051 1248 1093 a
1262 1036 1679 1110 luitpoldodeitirchendori,
1690 1042 1782 1098 simrrl
1796 1059 1874 1101 cum
1885 1047 1935 1101 mi-

221 1130 267 1187 vel
280 1130 438 1186 temerariis
458 1128 662 1187 vexationibus
689 1127 824 1199 farigare,
859 1127 912 1183 sed
944 1127 1046 1183 omnia
1100 1122 1391 1198 misterialiquodam
1408 1127 1531 1184 nomine
1560 1127 1698 1195 Bertolio,
1715 1132 1764 1202 qui
1795 1131 1837 1188 de
1869 1135 1933 1205 ipso

221 1217 337 1290 integra
345 1222 553 1275 conserventur
560 1217 686 1274 fratrum
696 1218 807 1274 ibidem
814 1217 939 1272 Domino
947 1215 1045 1272 iamu·
1100 1213 1209 1271 allodio
1219 1213 1298 1272 duos
1313 1230 1437 1272 mansos
1447 1215 1662 1274 inbeneticium
1672 1218 1774 1284 habet,
1792 1223 1849 1294 qui
1861 1223 1930 1277 scili·

218 1306 345 1364 lentium
361 1306 464 1362 usibus
480 1307 646 1379 protutura.
663 1306 692 1363 Si
705 1306 774 1378 quis
795 1314 896 1361 autem
908 1305 980 1361 huic
993 1319 1046 1360 uo·
1099 1307 1145 1360 eet
1159 1302 1452 1375 mausipostobitum
1463 1304 1599 1376 ejusdem
1607 1305 1725 1363 Bertotii
1739 1308 1820 1365 ads.
1837 1308 1926 1365 Fiden

222 1401 289 1452 stre
303 1395 504 1452 constitutioni
516 1394 1046 1451 temerarioausuconirairetentave-
1100 1389 1176 1448 sicut
1189 1397 1218 1447 et
1231 1399 1339 1450 cratera
1354 1391 1553 1465 pertinebunt,
1570 1408 1606 1450 eo
1620 1394 1704 1466 quod
1722 1395 1807 1453 filios
1819 1413 1882 1454 nou
1894 1399 1926 1454 de

221 1483 268 1548 rit,
284 1482 309 1538 si
323 1482 524 1539 commonitus
539 1486 655 1538 reatum
668 1497 753 1537 sunm
785 1496 846 1538 non
874 1483 1044 1549 correxerit,
1099 1479 1258 1536 consociali
1273 1479 1501 1538 seddeaeterua
1524 1481 1635 1539 habeat
1649 1498 1751 1540 uxore.
1765 1485 1840 1557 Ipsa
1854 1487 1928 1542 bona

221 1571 296 1628 sciat
311 1570 447 1627 sebanui
462 1568 555 1627 nostri
572 1569 695 1627 vinculo
723 1569 849 1640 ligatum
862 1573 891 1625 et
902 1584 972 1626 eum
989 1571 1045 1624 trac
1098 1566 1221 1623 Bertolto
1234 1568 1335 1625 comiti
1346 1568 1384 1624 de
1414 1569 1612 1642 blassenberg
1637 1572 1693 1628 sub
1709 1572 1926 1630 mundiburdio

220 1666 328 1716 eatena
342 1659 383 1716 ad
397 1658 525 1715 tribunal
537 1658 640 1715 eterni
652 1657 765 1730 iudicis
798 1656 1043 1731 pertrahendum.
1058 1689 1083 1750 Β
1099 1656 1925 1733 commendavimus.itempraediumapudChsmtmerics

220 1746 340 1804 Cunctis
355 1754 454 1804 autem
469 1747 562 1804 eidem
576 1747 640 1802 loco
655 1762 711 1803 aua
722 1746 792 1818 jura
805 1744 991 1802 servantibus
1007 1745 1045 1800 sit
1098 1744 1177 1817 qnod
1189 1751 1294 1818 postes
1306 1747 1560 1804 commutavimus
1573 1764 1644 1804 cnm
1657 1748 1807 1807 klucowa
1833 1757 1864 1808 et
1875 1754 1925 1808 itu

220 1852 280 1909 pax
294 1835 414 1892 Domini
425 1837 518 1892 nostri
529 1836 598 1891 lesu
613 1834 717 1892 Christi
748 1840 776 1891 et
803 1839 948 1908 perpetua
979 1849 1045 1890 eum
1100 1833 1573 1893 meiaeitlornewaetBuehaet
1597 1837 1681 1894 iterii
1712 1843 1743 1895 ct
1772 1841 1925 1903 streitruit,

219 1925 319 1983 eiectis
334 1925 384 1982 tlei
409 1924 588 1982 cohabitatio
613 1923 790 1982 concedatur
809 1922 841 1978 in
868 1937 959 1994 regno
988 1938 1045 1979 coe-

218 2014 293 2073 lesii.

255 2103 347 2174 Hujus
356 2103 400 2159 rei
410 2105 498 2160 testes
512 2106 582 2157 suni
592 2101 623 2158 hi
640 2117 646 2157 :
663 2100 807 2157 kdalbero
822 2099 860 2156 de
890 2100 1044 2172 Tagastet·

220 2199 280 2264 ten,
291 2191 484 2249 adelberecht
497 2191 535 2247 de
549 2189 719 2263 Dahspach,
736 2189 898 2246 Fridericus
927 2190 965 2244 de
976 2188 1045 2244 iler-

220 2282 398 2354 goitispach,
412 2280 558 2348 Heinrich,
573 2279 725 2349 Eberhart,
743 2279 896 2351 liegingoz
912 2278 950 2335 de
962 2279 1042 2337 Otio-

218 2369 352 2438 hesdnri,
368 2371 478 2427 otnant
488 2370 523 2425 de
551 2370 704 2434 Esenowa,
739 2370 811 2424 saza
825 2367 863 2424 de
895 2367 1041 2438 Burgelin,

220 2458 325 2516 Urede
340 2457 613 2522 willehalmisdorf,
625 2458 772 2514 Gernotet
785 2456 864 2513 fliius
892 2457 968 2530 ejus,
988 2458 1043 2512 iiu-

219 2546 283 2604 doli
293 2546 514 2613 dePuteudori,
531 2545 693 2605 llaceiinei
726 2544 853 2603 Berhtolt
882 2544 1042 2616 dellusen,

1099 1938 1135 1979 ac
1148 1938 1255 1980 manso
1267 1939 1323 1980 uuo
1335 1923 1606 1997 apudGoreu,qum
1614 1926 1722 1999 partim
1736 1929 1771 1998 (a
1781 1930 1927 2000 ltegnibc

1098 2017 1169 2068 tone
1183 2013 1291 2068 comite
1305 2012 1341 2068 de
1355 2011 1445 2070 (licha
1465 2019 1493 2069 et
1507 2014 1547 2070 ab
1557 2014 1730 2073 Eberhardo
1740 2017 1926 2076 ministeriali

1098 2100 1300 2172 nostrodiguo
1316 2101 1719 2177 praticaeqnisivimusssil]
1734 2105 1757 2177 ),
1768 2108 1925 2179 partimab

1099 2188 1258 2245 Eckeberto
1272 2188 1311 2246 de
1325 2189 1452 2248 saronis
1464 2191 1668 2263 quadraginta
1674 2195 1786 2250 marcis
1795 2198 1924 2254 emimus

1097 2282 1127 2333 et
1139 2278 1263 2350 iusuper
1277 2278 1358 2335 uxori
1371 2280 1437 2351 ejus
1447 2279 1560 2336 Berthae
1577 2297 1612 2337 ac
1635 2280 1701 2338 iiiia
1728 2284 1800 2356 ejus
1817 2285 1924 2342 bench

1098 2367 1188 2433 cium,
1200 2366 1283 2439 quod
1297 2368 1337 2423 ab
1349 2366 1481 2425 Ecclesia
1491 2375 1594 2426 nostra
1603 2369 1684 2428 idem
1699 2372 1926 2432 tlckbertnshs·

1097 2455 1211 2521 buerat,
1224 2458 1439 2526 concessimus,
1465 2473 1596 2530 quorum
1628 2459 1739 2517 scilicet
1773 2461 1925 2521 bonorum

1097 2546 1179 2615 Popo
1193 2559 1294 2601 comes
1309 2545 1470 2602 advocatus
1483 2552 1536 2602 est.
1547 2546 1620 2603 item
1635 2548 1784 2620 praedium
1793 2554 1925 2608 wbeoe

219 2635 363 2693 Woliram
378 2635 416 2692 de
430 2634 595 2700 stetebach,
607 2634 739 2691 chunrat
750 2634 786 2691 de
806 2634 940 2698 liuisaae,
974 2632 1042 2689 hic-
1097 2631 1198 2687 ficium
1207 2632 1365 2704 cujusdem
1377 2633 1545 2690 Thienronis
1559 2635 1733 2708 apudrtlren
1745 2642 1775 2693 st
1786 2641 1924 2713 Eppentst

219 2731 297 2781 tmar
310 2725 348 2780 de
359 2721 549 2788 hohenekke,
562 2722 656 2792 sgiun
665 2722 702 2778 de
714 2722 989 2794 chrigenbrunnen.
1003 2721 1042 2777 uc
1097 2729 1126 2777 et
1136 2720 1311 2788 timenreut,
1327 2722 1408 2795 quod
1420 2723 1460 2779 ab
1481 2723 1547 2796 ipso
1559 2724 1721 2781 Thiemone
1738 2731 1768 2782 et
1780 2727 1826 2784 ab
1842 2729 1924 2786 hare

218 2813 370 2871 canonicis
383 2827 452 2868 vero
467 2811 632 2881 Egiihartus
644 2811 789 2877 decanus,
798 2809 976 2867 chunradus
992 2827 1044 2868 cu·
1097 2810 1186 2866 dibus
1196 2809 1602 2886 suisquadragiutaquinque
1615 2813 1921 2875 marcisredernsmus

219 2908 291 2968 sios,
308 2898 786 2973 bietpe1·tus,Udalricuslungus,
809 2898 977 2965 volmarus,
994 2901 1043 2955 se·
1096 2898 1240 2955 Dedimus
1254 2905 1398 2972 preterea
1411 2899 1509 2957 eidem
1524 2901 1602 2957 celloe
1624 2903 1652 2958 S.
1678 2903 1759 2959 Fidis
1778 2904 1923 2979 hospitate

219 2992 315 3049 iridns
325 2999 354 3049 et
367 2990 417 3049 alii
433 2988 524 3046 multi.
1097 2987 1126 3043 S.
1138 2987 1297 3054 Gartrudis,
1313 2985 1397 3060 quod
1408 2993 1454 3044 est
1468 3002 1504 3045 ex
1519 2987 1611 3046 alters
1621 2992 1706 3062 parte
1720 2988 1921 3051 flumirsiscun

253 3079 508 3141 AnnoDominicas
523 3075 737 3135 incarnationis
754 3073 1040 3148 llsijndictionex,
1057 3047 1081 3107 ὓ
1097 3075 1219 3148 praediis
1246 3075 1309 3132 suis
1341 3075 1501 3147 itirinhuie‚
1531 3082 1560 3133 et
1586 3078 1819 3151 Pomchsndort,
1845 3082 1922 3156 guod

216 3178 361 3247 regnante
375 3170 555 3243 imperatore
569 3165 830 3231 lothariensium
847 3164 1043 3222 babenberch
1098 3172 1257 3237 utrumqne
1269 3163 1442 3238 abcepimus
1456 3164 1496 3221 ab
1508 3167 1678 3223 Hermanno
1692 3165 1730 3223 de
1741 3169 1923 3227 bramberch

217 3263 349 3323 feneitas,
446 3328 452 3335 ¹
1096 3253 1923 3329 prebeneflcieiratrissuis'tephani,ipsorumquebone

1096 3358 1164 3399 rum
1174 3341 1361 3399 advocatiam
1372 3340 1751 3400 idemilermaunushahet.
1762 3345 1922 3421 itemapud

1096 3429 1307 3504 schlurispach
1317 3446 1365 3486 xvr
1379 3445 1503 3487 mansos
1518 3447 1659 3488 unacum
1673 3431 1805 3491 ecclesia
1818 3444 1851 3491 et
1862 3438 1921 3493 dots

465 3525 522 3580 lam
538 3522 571 3578 S.
590 3520 675 3576 stae
693 3519 789 3575 dorm
1097 3519 1161 3591 ejus
1174 3518 1398 3584 aemulandiue,
1411 3518 1493 3591 quud
1504 3519 1921 3592 liatpotonicomitituendum

464 3612 551 3667 Anno
563 3610 641 3674 1137,
660 3606 726 3664 liaii
744 3607 789 3662 ri.
1097 3607 1314 3664 commisimus.
1327 3607 1429 3680 ipsum
1441 3607 1736 3681 estallodium,qucd
1744 3610 1843 3667 nobis
1853 3613 1921 3682 sige

251 3708 284 3765 lu
295 3704 418 3764 nomine
428 3703 539 3758 saneim
553 3704 581 3753 et
591 3694 749 3753 individue
763 3694 922 3755 Trinitatis.
951 3696 1043 3764 Orro,
1096 3698 1169 3755 boto
1185 3695 1425 3766 wundingesaze
1438 3694 1522 3752 dedit
1530 3711 1584 3768 pro
1592 3696 1750 3753 cavemus
1762 3698 1920 3757 ilolveldet

212 3787 810 3867 divinadispensanteolementia,octavus
816 3785 1045 3857 Babeuhergen·
1097 3802 1152 3858 pro
1166 3784 1325 3853 beneficio,
1337 3784 1421 3856 quod
1434 3782 1541 3841 hahuit
1554 3782 1659 3841 waldo
1672 3784 1804 3842 mantus
1817 3788 1920 3845 sororis

215 3888 256 3946 sis
267 3885 438 3959 episcopus.
1095 3874 1161 3946 ejus
1175 3878 1278 3945 prester
1289 3871 1719 3941 umngcnerwunckendcrr,
1730 3889 1801 3946 qum
1818 3880 1851 3932 et
1864 3877 1920 3950 ipss

250 3971 463 4045 Quiaiacitein
494 3966 679 4024 oblivionem
711 3979 760 4021 res
792 3964 918 4031 ducitur,
951 3966 1040 4037 cujus
1094 3962 1135 4019 ad
1146 3961 1226 4019 idem
1236 3960 1383 4034 hospitate
1405 3959 1593 4031 donavimus,
1617 3961 1766 4034 equibus
1791 3962 1919 4035 Uzingerr

213 4078 307 4123 causa
318 4060 456 4128 nescitur,
470 4056 557 4113 dehet
574 4058 835 4123 rerumgestarum
849 4051 941 4109 series
964 4052 1040 4110 litte-
1094 4050 1226 4107 Arncldc
1239 4048 1277 4106 de
1287 4050 1441 4116 Chumstat,
1458 4048 1687 4107 wunckendorf
1707 4048 1866 4109 friderico
1886 4053 1918 4108 da

210 4154 252 4211 ris
267 4147 411 4224 imprimi,
426 4160 497 4203 nea
527 4141 753 4199 succedentium
781 4140 928 4197 memoria
942 4142 1039 4212 possit
1093 4136 1505 4196 Luttenhachdeieussudum
1519 4138 1727 4203 commisimus,
1752 4145 1918 4198 statuentes

210 4241 298 4300 elabi.
314 4235 439 4296 Proinde
452 4232 660 4289 universorum
666 4227 776 4285 notha
788 4234 888 4300 patere
898 4228 1037 4286 volumus
1093 4234 1154 4285 tam
1168 4227 1206 4284 de
1217 4228 1263 4284 his
1270 4240 1363 4299 quam
1371 4225 1409 4282 de
1421 4224 1645 4298 praenominatis
1651 4225 1774 4299 praediis
1781 4229 1918 4300 quotiffie

211 4330 338 4404 qualiter
348 4341 403 4382 nos
416 4321 507 4379 divini
519 4318 631 4376 amoris
643 4316 781 4374 instinctu
792 4315 898 4373 cellam
909 4317 941 4372 in
959 4318 1038 4374 occi-
1091 4316 1131 4373 ad
1143 4317 1240 4388 ipsum
1252 4313 1397 4386 hospitale
1409 4329 1460 4370 sex
1474 4314 1612 4371 decanos
1625 4313 1816 4387 dari,quibus
1832 4317 1918 4375 alam

211 4416 320 4475 dentali
333 4417 417 4487 parte
429 4409 540 4466 montis
554 4405 631 4462 beati
641 4404 814 4475 archangeli
823 4403 978 4461 Michaelis
1004 4406 1035 4462 in
1052 4399 1075 4459 i)
1091 4408 1137 4461 tur
1149 4402 1343 4460 advenientes
1352 4401 1505 4474 peregrini.

210 4507 321 4564 honore
333 4498 450 4559 bomini
464 4502 494 4554 et
505 4496 600 4552 secte
615 4492 692 4550 Fidis
724 4491 843 4563 virginis
873 4493 1036 4550 construxi·
1124 4492 1199 4549 Saue
1214 4490 1386 4549 advocatias
1395 4491 1533 4547 emnium
1545 4490 1757 4564 predictorum
1767 4491 1917 4551 morum

212 4608 291 4662 mus,
305 4601 435 4661 eamque
446 4581 664 4641 cumomnibus
674 4578 853 4653 appenditiis
868 4579 1036 4638 suiscmno-
1089 4579 1312 4654 prenominatis
1318 4579 1453 4651 personis
1462 4578 1580 4636 subtuli
1592 4579 1918 4639 condtiouecencess's

212 4681 297 4742 bins.
311 4674 461 4733 Michaelis
472 4671 659 4740 donavimus,
672 4670 804 4726 volentes
819 4668 923 4740 utique
932 4668 964 4725 in
977 4668 1035 4727 hoe
1088 4685 1168 4737 mus,
1183 4668 1453 4742 utpersemetipsos
1459 4668 1524 4723 siue
1530 4667 1744 4726 subadvocatis
1754 4685 1809 4727 eas
1817 4671 1916 4727 admi·

211 4768 330 4841 utrique
343 4764 410 4821 loco
424 4759 589 4827 considere,
601 4761 747 4830 quatenus
777 4756 829 4812 uni
845 4760 1035 4828 prestaretur
1088 4759 1222 4816 nistreut
1238 4757 1380 4814 Placitum
1396 4771 1549 4813 varocum
1571 4755 1687 4813 colonis
1717 4770 1918 4832 nequaquam

211 4854 403 4929 obsequium,
419 4863 474 4907 nec
485 4847 569 4906 atteri
584 4845 832 4902 necessitatissue
840 4842 952 4900 deesset
958 4844 1035 4902 sola-
1088 4852 1204 4921 ponant,
1218 4845 1275 4902 nisi
1289 4850 1336 4903 aut
1349 4844 1387 4901 de
1400 4860 1590 4917 percussura,
1606 4850 1658 4902 aut
1668 4845 1706 4902 de
1717 4845 1804 4913 turio,
1813 4855 1868 4905 aut
1881 4849 1918 4904 dc

211 4945 290 5001 tium
302 4936 495 4998 Aveuerabili
505 4949 627 5007 quoque
636 4935 803 4989 Hermanno
809 4931 918 4988 abbate
931 4937 960 4987 ei
970 4931 1036 4989 reii-
1088 4935 1203 5008 irrupto
1217 4948 1358 5007 agrorum
1369 4932 1467 4999 limite,
1477 4932 1523 4989 vei
1537 4938 1614 4990 certe
1629 4932 1654 4989 si
1680 4934 1885 4993 accersiantur
1899 4953 1920 4993 a

210 5032 280 5105 quis
294 5027 435 5087 iratribus
450 5024 581 5098 predicti
589 5020 718 5078 caenobii
729 5018 1035 5088 hocchunutmusat-
1088 5020 1303 5097 prepositossl
1319 5021 1426 5094 priore.
1438 5020 1570 5093 Quinque
1580 5021 1644 5076 dies
1654 5020 1684 5077 in
1698 5036 1780 5078 auno
1789 5023 1918 5094 qrriiibet

208 5119 310 5191 queah
324 5117 367 5173 eis
382 5119 555 5188 perpetuum
569 5110 719 5166 firmatum
735 5113 788 5177 esi,
806 5112 839 5164 ut
854 5106 1035 5179 septemira-
1088 5111 1214 5169 rusticus
1225 5126 1277 5166 suc
1290 5115 1432 5181 operatur
1455 5108 1612 5165 advocato.
1638 5109 1780 5165 Dedimus
1805 5118 1915 5169 autem

210 5215 271 5263 tres
285 5212 313 5262 et
327 5204 405 5261 duna
419 5215 580 5259 conversos
593 5197 691 5255 eidem
705 5196 786 5254 cellas
800 5195 961 5266 dimittant,
980 5195 1035 5268 qui
1088 5199 1226 5258 eamdem
1234 5197 1338 5255 οοΙΙαω
1346 5197 1487 5269 praedicto
1498 5196 1527 5251 S.
1540 5196 1836 5255 lliehaeliscmnobio
1847 5216 1916 5256 cum

210 5282 1035 5364 iueademcellaquotidianaschoudirinumnhsequium
1088 5288 1172 5346 omni
1188 5286 1397 5360 justitiaadse
1414 5285 1584 5357 pertinente,
1599 5284 1656 5342 heo
1688 5291 1734 5343 est
1754 5287 1913 5364 amicaque

245 5412 411 5497 (titillare
425 5410 648 5496 depravatamin
663 5408 747 5493 editis
760 5407 892 5466 chariam
923 5422 958 5465 ex
986 5404 1033 5467 di·
1122 5405 1732 5484 (ltitl'areuthesisadiplomaiarioahest.

210 5487 381 5571 plematano
395 5486 564 5548 murmuro
576 5484 766 5542 mutamus.

573 3352 687 3409 illtklit.

217 3460 295 3533 (170)
305 3460 337 3515 S.
352 3455 417 3511 Otto
431 3450 559 3510 carcobio
573 3449 603 3505 S.
610 3447 761 3505 Michaelis
773 3448 922 3518 capeliam
931 3450 1043 3505 scacci-
