3884 6050
65 242 115 299 lii
414 240 529 302 GESTA
546 242 630 305 Atia.
651 241 811 304 tadnott.
830 272 865 287 -
884 241 1126 306 cambdeno
1144 249 1196 309 111.
1214 281 1250 294 -
1268 248 1363 307 PARS
1381 249 1414 308 ΙΙ.
1718 258 1772 316 issi

55 367 235 441 predicans,
247 371 394 442 uuquam
408 369 478 428 exul
491 369 532 427 ad
557 373 737 429 eonsentum
763 370 892 429 trabum
907 369 931 426 Α
945 370 1037 441 tibus,
1052 374 1182 434 odoarii
1202 391 1222 435 a
1244 375 1348 450 eeptis.
1363 379 1407 435 De
1427 376 1659 440 adnotatores
1690 398 1772 444 annu

63 457 166 514 Sancti
177 456 325 516 Trudonis
339 464 451 517 seoreto
458 458 621 530 languidus
635 459 725 528 venit,
734 458 893 519 etielieiter
944 460 1101 534 ipsooirea
1114 465 1229 523 mensis
1237 465 1408 524 Decembris
1421 469 1521 527 Nonas
1530 468 1691 545 episeopus
1703 475 1772 533 Leo

61 545 95 602 in
110 545 230 603 Christo
246 545 439 605 obdormivit.
944 548 1069 618 diensis,
1080 552 1187 612 ridens
1200 555 1273 630 quis
1286 555 1534 631 duxipseuotidie
1547 558 1579 615 in
1593 562 1770 635 usurpando

97 639 127 692 7.
143 634 232 693 Anno
254 635 372 705 eodem,
396 638 510 695 mensis
540 637 723 712 Septembris
745 637 833 706 diet,
860 638 891 696 in
943 637 1427 719 dominiumjurisdiotiouisopidi
1442 646 1772 725 SanotiTruduuispru·

60 724 196 782 meslino
210 724 321 783 scilieet
330 726 493 785 nativitatis
505 728 591 786 beato
597 727 694 799 ilaris,
706 742 766 802 que
779 727 834 785 luit
845 727 891 786 die
944 726 1071 798 eederet,
1086 727 1156 790 ieoit
1168 731 1284 790 siltieos
1295 731 1335 791 de
1351 733 1560 794 Tbenismonte
1578 738 1722 811 majorem
1739 745 1770 799 et

59 811 228 882 dominius,
244 814 306 872 dux
318 815 481 875 Brabaueie
491 817 574 875 seuit
594 815 634 875 ad
646 816 774 890 opidum
789 816 890 875 saneti
943 814 1124 887 interiorem,
1134 825 1164 879 et
1181 835 1218 880 ex
1232 821 1371 895 opidanis
1385 823 1479 882 nostri
1491 824 1573 899 opidi
1594 827 1770 889 Sauetilru·

57 902 221 971 l'rudunis,
245 919 304 963 nou
328 911 361 962 ut
381 906 586 965 Trudunenses
616 906 828 973 formidabant,
850 907 890 965 ad
942 903 1032 963 dunis
1050 907 1085 966 33
1099 925 1245 983 personas
1261 911 1301 970 ad
1317 910 1452 970 duellum
1459 913 1768 988 appellariouooom·

55 1007 219 1049 murorum
226 994 724 1062 eversionemsedabobtiuendum
732 993 787 1053 sibi
794 995 890 1069 ipsius
943 997 1183 1070 perto,prelatus
1197 1001 1261 1059 dux
1272 1000 1429 1060 mandarit
1443 1001 1500 1060 illis
1522 1004 1632 1063 seriose
1653 1022 1692 1065 ue
1710 1007 1768 1069 lor·

56 1080 145 1154 opidi
156 1080 328 1141 dominium
340 1085 372 1140 iu
383 1083 552 1158 presidium
566 1088 671 1143 eontra
694 1083 888 1142 leodiensem
943 1082 1091 1143 midsrent
1104 1085 1143 1145 de
1157 1086 1215 1146 bae
1226 1089 1438 1164 appellatione,
1458 1091 1531 1165 quia
1555 1092 1769 1155 venetenses

56 1170 201 1242 patriam.
215 1172 403 1247 Quapropter
416 1172 480 1245 ipse
494 1172 557 1230 dux
579 1178 684 1231 eontra
704 1173 888 1247 promissum
942 1169 981 1226 de
993 1171 1167 1245 hujusmodi
1175 1191 1350 1249 preservare
1363 1177 1528 1238 indemnes.
1538 1183 1648 1256 linqua
1660 1184 1769 1245 adber-

55 1259 144 1333 quod
154 1260 297 1335 episeopo
306 1261 478 1335 spondebat
486 1263 597 1335 injusto
611 1262 705 1320 modu
711 1262 886 1336 prooedsus,
943 1259 1050 1318 tatione
1064 1261 1172 1336 prefati
1185 1267 1220 1322 ³5
1248 1265 1290 1323 nil
1300 1266 1505 1336 formidantes,
1519 1269 1659 1329 neeieotis
1682 1273 1769 1332 dietis

56 1361 130 1404 oum
146 1349 288 1408 eumitira
308 1366 420 1424 magua
430 1350 557 1409 miiitum
572 1354 601 1409 et
612 1351 814 1424 opidanorum
825 1367 889 1409 me·
941 1348 1162 1421 quindenarum
1181 1357 1209 1411 et
1225 1355 1292 1413 aliis
1305 1355 1337 1414 in
1354 1356 1466 1416 talibus
1478 1356 1769 1434 neneonsuetisper

54 1437 225 1495 nestorium
244 1445 381 1498 nostrum
393 1439 526 1510 intrarit,
535 1443 565 1498 et
577 1439 609 1498 in
625 1440 746 1514 signum
761 1440 889 1499 dominii
941 1440 1124 1498 seutenoism
1139 1444 1293 1517 maiorum
1306 1445 1523 1520 proseriptione
1536 1445 1685 1521 pleotendi
1699 1464 1767 1523 pro·

54 1540 239 1600 mmpanam
249 1526 413 1587 bannalem
431 1527 569 1604 pulsarit.
590 1531 625 1587 lit
641 1527 887 1602 prooedaneinde
940 1526 1215 1590 nuneisnturltsm.
1224 1533 1410 1608 Postaliquot
1419 1539 1521 1593 autem
1530 1534 1597 1594 dies
1606 1537 1767 1612 episeopus

54 1631 156 1690 usque
166 1615 208 1674 ad
220 1617 355 1676 medium
366 1618 432 1686 lori,
446 1618 593 1693 eompidit
603 1617 751 1692 opidanos
761 1617 886 1676 fidelite·
902 1610 925 1665 B
939 1612 1046 1673 videns
1063 1618 1148 1692 quod
1168 1622 1374 1680 Trudonenses
1402 1622 1538 1681 dominio
1565 1623 1650 1683 duois
1670 1640 1768 1702 nuper

52 1705 184 1763 temsibi
195 1712 374 1781 prestare,et
386 1708 538 1766 advocans
547 1706 885 1765 suabinusdominorum
940 1706 1348 1773 summissimaledietienem
1360 1711 1591 1786 proscriptionis
1600 1714 1765 1788 imperialis

51 1795 191 1869 episcopi
207 1801 236 1855 et
248 1796 377 1870 abbeie,
393 1796 446 1872 qui
461 1802 532 1856 tuno
545 1812 599 1870 pro
614 1801 700 1870 parte
710 1801 797 1855 erant
817 1811 885 1869 pre·
938 1791 1024 1862 paris
1038 1808 1101 1852 nen
1117 1794 1324 1864 formidantes,
1347 1797 1479 1857 dominis
1500 1800 1562 1858 suis
1583 1803 1767 1862 reconsiliari

50 1890 165 1951 sentes,
193 1889 298 1943 eontra
321 1886 443 1944 illorum
467 1885 654 1953 fidelitatem,
679 1900 742 1959 qua
761 1884 884 1959 prelatis
938 1879 1063 1940 minime
1075 1888 1223 1954 ourarent,
1243 1886 1275 1944 in
1301 1887 1501 1946 tnbunelibus
1526 1890 1709 1959 solemniter,
1734 1899 1768 1951 ut

47 1973 170 2033 domim
185 1980 272 2035 erent
285 1976 407 2043 enisu,
422 1975 577 2035 consetur
595 1991 648 2034 eos
665 1974 704 2032 ue
718 1989 813 2033 manu
827 1990 884 2033 sus
937 1970 1069 2029 morirer
1083 1974 1272 2045 presentibus
1280 1980 1394 2050 septem
1408 1977 1766 2052 srehrdrseonibunoot

47 2062 197 2123 suabium
211 2063 261 2122 bis
276 2068 499 2139 septenos,etex
514 2063 581 2122 eliis
591 2061 733 2139 opidanis
744 2061 883 2122 eonsules
935 2055 1766 2141 loeutusproseripsiterexoonmuniestospronuncieris

46 2152 222 2211 duodenos.
237 2151 883 2229 illeverosequentipublioeadprestaudum
936 2160 972 2206 ex
995 2148 1117 2221 prelatis
1133 2152 1167 2210 ³5
1188 2153 1328 2226 opidanis
1347 2154 1447 2213 saneti
1465 2154 1612 2214 trudonis
1633 2161 1765 2232 quatuor

42 2239 882 2317 judiciumeumsummisqueconstituitotsnbedvossto
937 2251 1092 2309 personas,
1103 2240 1272 2300 meandum
1283 2243 1335 2315 jus
1355 2243 1439 2318 paois
1453 2243 1763 2320 duelliabimperato·

45 2328 158 2402 positis
187 2329 218 2387 in
238 2329 302 2388 turo
329 2330 542 2390 tribulantibus
565 2330 704 2403 presedit,
728 2330 882 2404 privilegia
934 2323 1019 2383 ribus
1037 2328 1254 2389 leodiensibus
1266 2330 1404 2406 {episcopi
1429 2348 1616 2392 oonoessurn.
1647 2332 1763 2404 Quibus

46 2415 150 2474 esiam
162 2423 194 2474 et
208 2422 305 2477 oartas
318 2418 409 2491 buius
424 2418 509 2493 opidi
530 2418 660 2493 preuspit
681 2416 742 2475 sibi
768 2415 879 2485 uderri,
934 2420 1065 2486 quatuor
1079 2416 1123 2475 eie
1135 2419 1265 2491 praviter
1279 2421 1441 2488 mulctatis,
1454 2421 1560 2480 ueteris
1570 2426 1634 2480 tem
1647 2436 1685 2480 ex
1697 2438 1762 2483 see·

45 2520 130 2580 ques
142 2505 197 2562 ubi
208 2505 265 2564 sibi
293 2507 458 2565 contrarias
475 2507 632 2576 intellexit,
663 2504 765 2565 iurfloe
788 2521 879 2580 quem
933 2499 1014 2560 binis
1033 2508 1063 2562 et
1075 2506 1245 2566 oonsulibus
1259 2524 1354 2583 quam
1364 2508 1488 2568 alterius
1508 2513 1604 2569 status
1619 2510 1760 2585 opidanis

42 2610 147 2652 mauu
160 2596 254 2654 tenuit
266 2595 406 2655 eassasit.
425 2596 621 2656 Senesoslous
635 2594 798 2655 Brebanoie
813 2609 880 2667 spe·
933 2598 1077 2664 oeperunt
1100 2593 1271 2663 formidare,
1298 2612 1337 2655 ne
1352 2596 1419 2671 pari
1445 2612 1525 2672 psus
1547 2597 1758 2672 plecterentur.

42 2684 164 2742 eialiter
177 2686 354 2743 seoretarius
363 2686 460 2754 duois,
481 2701 551 2745 eum
566 2700 621 2761 pro
635 2690 706 2744 tune
720 2683 800 2758 apud
820 2699 877 2742 nos
933 2680 1759 2763 Quaproptereougressiinlobiutdtilsuoiupresenoia

41 2770 212 2831 loretsatis
230 2773 398 2842 familiaris,
416 2776 575 2850 proposuit
588 2774 677 2833 nobis
703 2776 823 2840 seerete,
852 2770 877 2830 si
930 2768 1264 2831 villieillontistenensis
1283 2779 1310 2835 et
1322 2775 1451 2834 eborum
1463 2776 1663 2849 opidanorum
1686 2776 1757 2835 duei

41 2860 540 2940 dominiumjurisdietionisquam
551 2862 877 2939 inipsuopidoobtine-
893 2846 913 2904 C
930 2856 1105 2929 tarentum,
1121 2862 1205 2936 quod
1214 2863 1381 2923 bonoribus
1395 2865 1507 2938 privari
1515 2864 1640 2934 nudent,
1653 2866 1757 2940 palam

42 2967 128 3023 mus,
140 2950 271 3010 vendere
285 2954 375 3013 autin
385 2953 461 3014 elias
472 2953 876 3030 possessioneseummutare
929 2946 1079 3008 dixerunt.
1094 2951 1138 3009 De
1150 2952 1259 3011 mdem.
1274 2953 1439 3028 Episoopus
1452 2969 1533 3027 vero,
1549 2954 1601 3029 qui
1620 2953 1756 3012 enindu-

40 3041 391 3113 eligeremus,dominus
404 3042 683 3102 suusduxomnine
693 3041 875 3101 adnostrum
930 3036 1003 3096 stria
1014 3039 1187 3115 proseriptis
1199 3045 1331 3116 quatuor
1341 3042 1482 3118 opidanis
1499 3042 1755 3114 trudonensibus,

40 3137 188 3206 optatum
198 3138 277 3191 esset
289 3132 505 3192 sutislaeturus.
521 3133 574 3190 Gui
594 3147 665 3189 oum
693 3147 874 3205 responsum
929 3125 1025 3184 noluit
1038 3132 1143 3187 uonna
1153 3128 1348 3206 reliquosper
1363 3130 1577 3204 rigoremjuris
1598 3130 1756 3190 duellandi

39 3219 152 3280 luisset
163 3221 244 3295 quod
258 3222 473 3296 patrimonium
493 3223 590 3281 saneti
609 3220 756 3280 Trudonis
770 3235 876 3279 mona·
928 3215 1100 3287 proaedere,
1117 3218 1284 3294 ⁸⁸⁸seripsit
1297 3219 1399 3294 plures
1425 3224 1556 3279 moratas
1578 3219 1680 3280 literas
1710 3221 1751 3280 ad

39 3311 133 3370 sterio
143 3316 249 3370 nostro
262 3311 362 3370 divino
371 3311 514 3370 iustindu
531 3309 675 3369 eollatum
688 3309 874 3368 nullomodo
928 3302 1265 3381 tinssultrttpmonts.
1288 3309 1314 3366 si
1338 3308 1449 3368 sedent
1477 3310 1657 3383 resilitum,
1688 3309 1754 3384 iim

39 3397 872 3469 numereretlenus,oesssvitabhminstenoislneid.
926 3400 1177 3456 useeurereteos
1190 3397 1754 3474 depressesueneproseriptiouis.0ui

40 3491 157 3548 Eodem
164 3504 269 3547 meuse
279 3488 342 3547 dux
351 3490 484 3563 prelatus
498 3489 579 3547 misit
587 3486 758 3562 edopidum
772 3486 873 3545 Sancti
926 3482 1022 3541 esiam
1034 3484 1074 3542 ad
1086 3485 1381 3558 singulaministeria
1396 3487 1479 3548 misit
1491 3488 1591 3547 literas
1603 3488 1751 3563 publicas,

38 3578 192 3637 trudonis
207 3577 338 3636 sillioum
346 3578 384 3636 de
398 3578 619 3645 thenismonte,
633 3577 672 3636 ad
687 3576 774 3649 ossius
788 3592 874 3641 man·
925 3578 958 3628 ut
970 3571 1079 3631 amalo
1088 3577 1182 3649 septis
1188 3576 1421 3653 resilirentquis
1434 3577 1751 3654 universusadpaeem

39 3670 149 3727 datum
164 3667 290 3742 opidani
300 3668 487 3726 mansionem
498 3667 603 3726 domni
624 3665 786 3725 l'rsnoonis
800 3666 872 3724 dioti
925 3660 1077 3734 reciperit&
1092 3665 1278 3739 Quapropter
1291 3665 1324 3724 in
1352 3666 1504 3725 dominius
1532 3670 1632 3727 letare
1649 3668 1751 3726 iheru-

39 3757 143 3825 Prubi,
157 3757 342 3824 militis,solo
359 3761 446 3816 tenus
457 3757 680 3828 destruxerunt,
689 3755 872 3831 quiaountra
925 3746 1030 3816 selem,
1059 3767 1119 3824 qut
1149 3752 1205 3810 luit
1237 3754 1350 3813 mouet·
1375 3756 1474 3814 Neruii
1499 3754 1547 3813 die
1579 3756 1617 3793 ⁸⁸⁸
1644 3756 1748 3828 (¹³48).

38 3845 220 3904 fidelitatem
233 3846 424 3906 dominorum
436 3862 560 3905 suorum
571 3845 701 3921 episcopi
711 3849 740 3903 et
751 3843 871 3902 abbatis
923 3845 1106 3912 congregato
1121 3844 1183 3900 tutu
1195 3841 1306 3918 populu
1326 3843 1405 3903 intra
1418 3848 1602 3903 conventum
1622 3843 1750 3903 fratrum

38 3935 231 3994 suabinusex
245 3941 329 4010 parte
339 3934 658 3994 dueisflerireeusavit.
673 3936 742 3991 Post
755 3931 870 4005 aliquot
924 3926 1080 3996 itinerum,
1096 3929 1245 3990 dissensio
1257 3931 1334 3991 inter
1350 3930 1484 3992 lautores
1508 3932 1595 3991 duris
1618 3948 1656 3991 ex
1688 3949 1750 3994 una

39 4020 869 4098 mensesquidamprediresopidanus,ilerburdusdiotus
923 4022 1008 4089 parte
1021 4022 1050 4074 et
1063 4016 1147 4088 alios,
1158 4019 1211 4094 qui
1232 4021 1416 4081 reoonsiliari
1435 4022 1512 4081 seris
1530 4021 1662 4082 dominis
1687 4022 1749 4082 suis

40 4115 120 4181 Seat,
136 4113 314 4187 compulsus
329 4113 446 4188 pridem
457 4113 494 4171 ad
505 4112 695 4171 scabinatum
713 4115 784 4168 tuuu
797 4125 868 4168 eum
884 4091 908 4145 ⁰
922 4105 1094 4179 cupiebant,
1109 4109 1212 4167 uritur.
1223 4111 1358 4178 Quorum
1372 4128 1450 4170 unus
1460 4127 1531 4170 uum
1542 4112 1675 4170 diseret:
1692 4114 1747 4170 Lo·

39 4200 101 4259 dux
112 4202 180 4276 ipse
194 4201 338 4260 scabinos
346 4202 458 4268 statuit,
473 4201 598 4274 uupiens
618 4199 680 4256 suis
713 4198 792 4257 veris
816 4197 869 4255 de
922 4210 971 4253 ess
984 4196 1322 4269 liujusrefertors'iaobis
1335 4202 1424 4259 nimis
1435 4207 1519 4259 ortus
1526 4202 1588 4259 esti
1605 4200 1747 4259 condano

39 4291 132 4349 minis
148 4306 279 4366 quorum
291 4291 440 4350 vassallus
450 4290 505 4349 fuit
513 4286 708 4353 reconsiliari,
724 4286 815 4345 exivit
828 4286 868 4345 ab
921 4284 961 4343 ad
970 4285 1069 4344 lorum
1083 4286 1264 4361 proaeditur.
1280 4289 1336 4349 Ubi
1348 4288 1423 4347 dum
1442 4289 1601 4361 ospitansi,
1615 4287 1747 4346 lautores

40 4380 177 4454 opido,et
191 4379 265 4438 dum
280 4397 351 4455 sepe
363 4380 526 4455 requisitus
532 4377 630 4436 redire
644 4374 868 4444 nollet,mausio
921 4373 1018 4442 dueis,
1034 4375 1176 4450 displosis
1184 4376 1301 4435 vexillis
1314 4377 1418 4453 primo
1427 4376 1468 4434 ad
1482 4376 1582 4436 lorum
1594 4377 1747 4448 euagressi

41 4472 105 4543 ejus
124 4472 157 4528 in
171 4469 271 4544 platea
280 4469 490 4530 brustemiensi
501 4474 638 4543 presente
650 4464 867 4540 rillioopreiato
921 4463 1081 4533 stetissent,
1097 4471 1211 4537 partem
1222 4465 1308 4525 duris
1326 4464 1488 4535 defensuri,
1500 4468 1744 4538 supervenerunt,

41 4556 735 4620 solotenusdestruitur.Eodemierediedomus
745 4554 867 4629 plebani
920 4553 974 4627 qui
987 4559 1072 4613 eraut
1082 4554 1319 4629 pertisadverse,
1334 4570 1466 4631 quorum
1479 4554 1624 4614 auxiium
1635 4553 1667 4612 iu
1681 4559 1745 4614 tan·

41 4650 77 4708 de
90 4645 868 4723 norisdomibus‚adquambabetoonsentusnoster
922 4646 981 4699 tum
996 4645 1133 4711 aeererit,
1154 4644 1239 4720 quod
1252 4645 1338 4704 duois
1368 4645 1510 4713 iauures,
1537 4649 1617 4701 metu
1641 4642 1746 4702 mortis

42 4739 294 4799 Sanetilrudonis
304 4739 344 4797 sd
356 4735 866 4813 pytanoiamdtloreaesaunustim,
921 4731 1153 4807 oompulsi,oum
1165 4732 1414 4793 iliisreeoasiliari
1425 4732 1553 4808 propriis
1569 4731 1701 4791 dominis
1714 4748 1746 4789 se

40 4827 155 4894 debuit,
175 4834 209 4886 ut
233 4827 397 4886 elaborarit
413 4827 529 4885 siltious
543 4826 601 4893 ille,
621 4825 867 4883 Thenismuutem
921 4820 1103 4880 obtulerunt.
1118 4821 1238 4882 interim
1256 4837 1326 4881 eum
1340 4822 1397 4881 beo
1423 4824 1591 4894 sperentur,
1620 4820 1746 4896 quidam

40 4916 568 4992 suindiorrisdfiscumdueis,proeo
582 4912 866 4990 quedillesuoerdos
921 4908 1495 4985 opidanidisplosopannilloumrexitio
1510 4910 1745 4968 eueuwruntad

40 5008 167 5082 opidum
181 5005 353 5081 relinquens
364 5006 503 5078 episeopo
517 5003 644 5063 adhesit.
661 5001 719 5060 Sed
745 5017 800 5075 per
822 5002 865 5058 in·
920 4998 1640 5073 mansionsmilliuspresbyterisuprsmomorati,
1652 4997 1747 5057 malo·

42 5096 187 5154 staurium
202 5110 324 5169 preeum
340 5110 395 5169 per
404 5093 533 5168 priorem
547 5108 582 5151 er
591 5097 675 5167 parte
689 5095 865 5158 conventus,
920 5104 988 5147 rum
999 5088 1255 5148 burumomnium
1277 5087 1436 5163 eapitanei.
1458 5088 1512 5156 Qui
1534 5103 1605 5146 oum
1630 5087 1747 5145 audiret

41 5184 166 5252 vilicus,
181 5179 866 5256 informatussbopidanisinboouobisfaren-
919 5176 1746 5253 illorumstrepitumetadiuresimpetuosnmimpulsum

729 5279 850 5337 VARlAE
868 5273 1060 5337 antmnns

75 5383 113 5419 ”¹
126 5380 183 5440 sed
195 5380 276 5438 addit
291 5383 327 5437 t'.
341 5380 379 5419 ⁸⁸⁴
394 5379 486 5437 trium
502 5378 665 5437 litterarum
676 5378 803 5452 spatium
822 5376 944 5450 reliquit
960 5374 1081 5433 scribut.

836 5471 953 5535 NOTAE.

72 5579 150 5652 (812)
160 5575 295 5637 Porneus
306 5580 373 5636 aaa
387 5576 512 5643 auriam,
524 5572 578 5634 ubi
588 5572 670 5646 leges
684 5571 968 5648 pronuntiabantur,
978 5571 1154 5645 juramenta
1165 5570 1399 5646 prestabantur,
1414 5571 1494 5633 talia.
