3884 6050
208 227 284 288 noa

762 225 942 290 MATTHAEI
962 223 1047 296 ΕΑΒ.
1069 222 1184 286 EPISC.
1208 223 1341 289 ALBAN.

1838 221 1921 282 1264

204 354 343 431 partinet,
358 356 422 416 siue
436 356 560 414 simonia
572 355 759 431 provideant,
774 372 829 415 nec
843 358 908 431 ipse
919 356 1030 414 calum-
1045 356 1071 419 Α
1085 355 1199 412 tertiam
1211 360 1327 429 partem
1345 354 1489 413 obtineat.
1510 351 1726 410 hrchidiaeono
1752 355 1875 418 antem,
1889 352 1922 407 in

205 445 289 504 niam
296 443 503 516 aliquam,nec
515 445 814 513 debitumexofficio,
830 444 977 504 sacerdoti
988 443 1031 501 illi

206 532 351 606 imponet,
363 537 392 590 et
404 533 428 589 si
442 549 570 607 persona
580 533 645 605 ejus
659 534 795 605 legitima
816 539 844 592 et
858 532 1032 607 recipienda

206 621 304 681 inerit.
316 620 559 695 archiepiscopus
573 621 743 680 animarum
759 623 800 680 illi
813 624 1033 681 curiamconce·

206 710 421 768 detconcassit
430 710 521 767 etiam
533 711 617 783 qnod
627 711 698 769 dala
712 711 1030 778 sibianimarumcura‚

207 797 347 857 sacerdos
361 798 411 856 ille
425 798 575 871 predictis
587 799 869 857 canonicisoensam
879 800 1032 870 tribuat,et

207 887 249 945 eis
260 888 380 959 plenam
393 888 582 945 securitatem
594 887 664 944 inde
678 887 779 957 iaciat,
792 893 820 946 et
831 888 1031 961 archiepisco-

206 993 263 1049 pus
278 976 360 1033 nullo
374 976 477 1044 modo,
492 980 545 1034 aut
558 977 1032 1050 parse,autpersubmissamper-

206 1065 526 1124 sonameensamillam
538 1065 688 1123 canonicis
699 1065 1030 1139 ilhsimpediesaripse,

207 1153 283 1210 sicut
295 1152 436 1211 sacerdos
451 1158 480 1211 et
493 1154 662 1227 episcopus,
677 1155 835 1221 concessit,
851 1158 880 1212 et
899 1154 1032 1227 promisit

206 1242 287 1314 quod
296 1241 472 1314 hujusmodi
488 1242 678 1300 concordiam
693 1242 839 1315 integram
845 1242 1033 1300 etiueoncus·

205 1344 273 1387 sam
287 1329 418 1387 servabit
428 1335 457 1388 et
484 1330 605 1388 tenebit.

596 1428 629 1485 11.

205 1540 413 1599 authenticum
427 1541 620 1598 cardinalium
632 1557 722 1613 super
733 1542 937 1613 compositione
947 1543 1031 1610 sucta

241 1614 318 1669 inter
331 1613 511 1682 Stephanum
525 1613 690 1684 episcopum
696 1614 887 1671 Porisiensens
901 1617 926 1670 et
941 1614 1030 1671 Theo-

242 1682 358 1741 baldum
367 1682 617 1741 monidiucunnm.

512 1782 610 1853 (anno
639 1781 729 1856 rien.)

206 1883 388 1963 [cartulaire
395 1886 632 1946 delinire-Darne
648 1887 793 1957 dePoris,
806 1892 877 1946 torn.
893 1889 915 1959 1,
930 1903 961 1961 p.
972 1889 1031 1961 aa]

240 2010 309 2068 Haec
323 2015 368 2068 ost
380 2009 540 2068 concordia
554 2011 1031 2086 quamnosiranhauseplscopus

205 2097 385 2156 albanensis
401 2103 430 2156 et
442 2100 580 2166 loannes,
596 2099 634 2156 de
649 2099 732 2157 titulo
746 2099 844 2157 Sancti
861 2099 1029 2171 Grisogoni,

203 2187 349 2247 etPetrus
363 2187 495 2246 detitulo
518 2187 632 2255 Galixti,
647 2186 826 2257 cardinales,
850 2188 926 2245 inter
937 2188 1032 2245 domi-

203 2290 278 2358 num
290 2276 482 2351 Stephanum,
499 2277 696 2335 Parisiensem
716 2277 926 2351 episcopumet
938 2278 1030 2336 Theo

201 2362 337 2439 baldum,
357 2365 510 2423 notarium
521 2365 767 2423 archidiaconum
782 2366 807 2438 ej
812 2366 918 2423 uadem
930 2366 1028 2424 Eccle-

203 2452 266 2521 sira,
281 2468 315 2511 ar
328 2452 472 2512 mandato
486 2452 596 2510 domiui
610 2452 848 2528 paparfflouorii]
863 2456 1030 2527 composui·

201 2556 281 2601 mus.
297 2544 363 2600 Non
376 2541 464 2600 liceat
477 2542 725 2600 archidiaconum
736 2543 867 2601 ecclesiis
876 2544 1029 2618 presbyte-

201 2645 270 2689 rum
285 2630 544 2705 poneralipiscopi
559 2635 660 2689 autem
675 2631 729 2690 erit
740 2632 882 2690 ecclesias
889 2633 1029 2691 ordinare

201 2734 256 2793 per
269 2718 515 2777 archidiaconum
542 2723 670 2789 tantum,
686 2720 763 2779 sicut
784 2736 839 2794 per
862 2721 1027 2781 ministrnm

204 2826 295 2868 suum
310 2810 369 2878 ;ita
384 2808 581 2882 utapiacopus
592 2803 847 2869 sacordoticuram
863 2814 1031 2871 committat

202 2897 387 2965 animarum
402 2912 454 2969 per
463 2897 1029 2958 archidiaconumveroecclesiametres

205 2985 337 3057 assignet
351 2984 493 3043 ecclesia.
506 2985 724 3045 archidiacono
737 2986 969 3047 sacerdotemab
984 2989 1028 3047 oi·

201 3072 269 3132 flcio
283 3074 464 3147 suspendere
479 3075 648 3132 nussawnus
663 3075 757 3141 liceat,
787 3075 813 3132 ai
828 3075 1029 3153 episcopusin
1045 3056 1068 3119 c

202 3161 345 3236 parochia
359 3163 448 3220 inerit
463 3178 470 3230 ;
490 3162 639 3237 deponere
653 3169 755 3221 autem
777 3166 901 3223 omnino
919 3182 981 3224 non
995 3167 1029 3224 li·

202 3254 269 3306 ceat
282 3266 290 3306 :
304 3266 402 3324 neque
415 3250 606 3325 poenitentias
625 3252 707 3318 dare,
724 3251 778 3309 sed
789 3268 886 3326 neque
900 3256 1031 3313 reconci-

202 3336 340 3394 liarenisi
351 3353 388 3394 ex
402 3337 522 3395 licentia
533 3337 652 3396 debebit
666 3339 810 3414 episcopi.
822 3344 1031 3401 Excommnni·

203 3439 271 3481 care
288 3428 389 3481 autem
401 3424 532 3497 aliquem
546 3424 686 3484 clericum
697 3432 749 3484 aut
769 3427 925 3487 absolvere
937 3431 1031 3489 archi·

203 3510 427 3585 diaoouo[uou]
445 3510 515 3570 iicet
540 3513 599 3571 nisi
613 3528 668 3588 per
685 3517 863 3574 mandatum
890 3518 1028 3592 episcopi.

202 3599 368 3673 Episcopus
388 3615 471 3667 vero,
485 3601 625 3674 quotiens
638 3602 806 3676 expedierit,
831 3606 1031 3678 parochianos

203 3703 274 3745 snos
292 3688 450 3746 conveniet
461 3704 516 3763 per
526 3689 773 3749 archidiaconum
787 3698 816 3750 et
834 3694 873 3750 ad
884 3694 1030 3765 iustitiam

203 3774 358 3835 invitabit:
372 3777 455 3852 quod
472 3779 497 3836 si
505 3782 741 3853 contempserint
755 3787 784 3840 et
800 3784 929 3855 justitias
939 3786 1031 3844 dicta·

201 3866 286 3932 verit,
302 3866 562 3924 excommunicare
574 3867 814 3945 licebitepiscopo
824 3871 947 3929 :iactam
958 3889 1030 3933 vero

203 3954 1030 4020 excommunicationemarchidiaconusobservabitcle·

205 4042 365 4100 donavero
380 4043 418 4100 ad
432 4043 553 4100 ordines
568 4045 736 4116 promoveri
751 4062 811 4105 non
832 4049 920 4107 iaciat
933 4051 1028 4108 archi-

1086 448 1147 501 tola
1157 444 1310 517 parocbia,
1325 443 1463 502 collectas
1474 438 1922 515 sineepisoopillacarehonli·

1085 532 1169 589 cebit.
1184 534 1271 599 Quod
1285 533 1388 606 siquis
1402 530 1612 589 archidiacono
1635 529 1672 586 de
1689 545 1753 595 suo,
1770 528 1920 602 precibus

1085 621 1346 688 autultro,douare
1358 621 1494 687 voluerit,
1508 634 1701 693 nequaquam
1714 617 1842 675 debebit
1857 619 1921 691 api·

1086 725 1197 784 scopus
1212 709 1424 768 contradicere.
1437 708 1575 766 Debitum
1583 722 1652 764 vero
1658 705 1741 780 quod
1748 706 1857 764 Franci
1870 722 1921 763 ca-

1086 803 1145 857 tate
1161 803 1276 866 vocant,
1293 799 1374 872 quod
1388 794 1754 856 archidiaconusdebcbat
1766 795 1919 869 episcopo

1084 902 1181 961 usque
1196 889 1232 945 ad
1249 886 1354 962 [hunc]
1384 887 1476 954 diem,
1490 885 1627 959 precibus
1642 884 1749 941 nostris
1775 889 1805 941 et
1829 885 1918 957 pacis

1086 991 1199 1050 amore,
1215 982 1311 1036 totum
1337 975 1552 1034 archidiacono
1564 973 1678 1031 dimisit
1688 974 1864 1046 episcopus.
1874 972 1918 1029 De

1085 1070 1203 1136 caetero,
1216 1064 1536 1124 archidiaconuaomne
1550 1062 1684 1120 debitum
1693 1061 1916 1135 persolvstepi·

1086 1169 1189 1227 scopo,
1204 1153 1246 1211 ita
1256 1156 1370 1211 tautum
1383 1151 1525 1226 siinpaca
1540 1156 1568 1208 at
1578 1150 1803 1209 eoncordiahac
1816 1151 1917 1208 archi·

1085 1243 1229 1300 diaconus
1246 1241 1480 1315 perseverabile
1493 1239 1604 1297 scholis
1630 1254 1711 1305 vero,
1728 1238 1807 1296 unde
1836 1239 1915 1297 inter

1086 1331 1260 1403 episcopum
1274 1327 1661 1388 eteauonicosParisienses
1676 1326 1916 1386 emersitdiscor

1085 1419 1146 1490 dia,
1163 1419 1303 1476 dominus
1317 1417 1503 1476 Theobaldus
1518 1421 1622 1475 coutm
1645 1418 1832 1474 voluntatem
1851 1416 1914 1488 epi·

1086 1507 1168 1581 scopi
1182 1506 1353 1564 nullatenus
1367 1507 1470 1564 veniel.
1480 1508 1507 1565 Si
1517 1506 1912 1578 varopacemhancnorrob

1084 1596 1246 1654 removerit
1258 1595 1495 1661 archidiaconus,
1511 1600 1539 1651 et
1554 1596 1578 1651 si
1592 1594 1695 1663 semel,
1709 1594 1847 1651 secundo
1863 1601 1913 1652 aut

1047 1703 1070 1761 Β
1085 1683 1913 1751 tertioadmonituserratumsuumnonemendaveribant

1081 1771 1911 1847 justitiamiacerecomtempserit,tunciioebitopiscopo,

1085 1862 1159 1919 siout
1171 1862 1264 1935 prius,
1277 1861 1412 1918 debitum
1427 1876 1517 1918 omne
1524 1876 1611 1917 suum
1623 1860 1784 1934 requirere.
1799 1861 1829 1918 Si
1845 1860 1912 1933 quis

1084 1950 1114 2007 in
1130 1949 1274 2023 parochia
1289 1949 1423 2014 clericus,
1440 1949 1500 2006 sive
1513 1949 1618 2014 laicus,
1633 1947 1850 2007 archidiacono
1863 1953 1913 2006 aut

1084 2035 1134 2096 alii
1148 2037 1324 2110 iniustitiam
1335 2038 1446 2106 lecerit,
1462 2048 1492 2095 et
1505 2053 1559 2112 per
1572 2037 1708 2095 eumdem
1726 2038 1913 2095 archidiaco-

1083 2144 1158 2185 num
1173 2127 1334 2185 emendare
1343 2127 1478 2193 noluerit,
1492 2127 1684 2200 sispiscopus
1700 2127 1732 2184 in
1743 2126 1812 2184 loco
1825 2126 1914 2185 fuerit

1084 2222 1113 2274 et
1126 2216 1279 2287 negotium
1291 2220 1397 2273 antaee
1405 2215 1913 2283 tractarevoluerit,archidiaconus

1083 2320 1181 2378 usque
1193 2305 1232 2362 ad
1247 2305 1425 2362 sententiam
1449 2319 1511 2361 uon
1535 2303 1688 2378 procedat,
1715 2304 1769 2361 sad
1785 2320 1913 2363 cauum

1083 2409 1167 2450 suam
1180 2392 1218 2452 ad
1230 2392 1405 2466 episcopum
1414 2392 1808 2466 delerat,quieicanonicam
1816 2393 1914 2451 inom-

1082 2482 1169 2540 nibns
1181 2481 1320 2539 observet
1327 2481 1479 2555 justitiam.
1501 2481 1529 2540 si
1544 2496 1614 2539 vero
1628 2482 1790 2556 episcopus
1804 2482 1914 2540 absens

1082 2569 1179 2641 luerit,
1193 2576 1242 2629 ant
1253 2569 1356 2627 audire
1371 2571 1508 2638 noluerit,
1520 2570 1750 2628 archidiaconus
1762 2571 1914 2643 justitiam

1082 2659 1181 2730 iaciat,
1196 2676 1233 2718 ex
1247 2659 1391 2717 mandato
1401 2665 1503 2718 tamen
1516 2661 1691 2734 episcopi.et
1700 2660 1913 2719 hocinlaicos

1083 2749 1360 2808 ilancconeordiam
1372 2748 1593 2814 lecimus,salva
1605 2749 1913 2824 iuomuibuaaposlo·

1082 2838 1240 2896 haeredis
1255 2845 1284 2895 et
1294 2837 1403 2895 domiui
1418 2853 1504 2911 papa
1515 2838 1689 2896 auctoritate
1713 2844 1742 2895 at
1755 2838 1860 2897 debita
1872 2856 1912 2896 re·

1082 2928 1225 2985 verentia.
1240 2926 1313 2983 iiuic
1332 2925 1612 2999 paciinterluernnt,
1628 2933 1657 2985 et
1670 2942 1771 2985 eorum
1783 2929 1911 2986 consilio

1083 3014 1161 3074 lacta
1170 3020 1224 3086 est,
1236 3015 1419 3075 venerabiles
1432 3014 1538 3073 iratres
1552 3020 1656 3074 nostro
1670 3015 1832 3075 Ganlridus
1844 3019 1908 3076 Car·

1083 3106 1217 3164 nolensis
1231 3110 1259 3162 et
1268 3105 1457 3163 burchardus
1471 3104 1628 3163 lleldensis
1641 3107 1785 3180 episcopi.

1118 3200 1223 3253 Actum
1235 3200 1279 3251 est
1292 3197 1392 3252 Romae
1406 3195 1446 3268 (l)
1464 3196 1544 3268 apud
1568 3196 1745 3263 Palladium,
1761 3213 1846 3255 anno
1860 3199 1912 3255 Do

1084 3283 1201 3340 minicae
1215 3283 1521 3355 incusationisllh'h
1539 3284 1914 3358 pontificatnsdominillc·

1084 3372 1161 3430 norii
1174 3388 1262 3446 papae
1275 3372 1399 3430 secundi
1414 3388 1495 3430 anno
1511 3373 1606 3432 tertio.

1473 3488 1521 3547 lii.

1083 3603 1586 3663 Mottiaushlhonensisetectionenr
1594 3604 1709 3670 ildonis,
1720 3604 1835 3665 &Petri
1843 3608 1910 3667 Gar-

1260 3675 1389 3734 nolensis
1419 3674 1535 3732 obbatis
1565 3679 1730 3750 confimat.

1397 3764 1490 3838 (Anno
1502 3764 1595 3836 1128.)

1209 3849 1370 3926 [Marianon
1386 3852 1493 3910 annal.
1520 3853 1628 3911 Bencd.
1646 3852 1690 3926 Vi,
1708 3851 1784 3930 loe]

1120 3967 1273 4025 Servorum
1287 3966 1338 4023 Dei
1353 3967 1445 4040 quieti
1467 3967 1542 4026 siout
1555 3967 1587 4024 in
1602 3969 1735 4041 prasenti
1753 3970 1911 4029 consulere

1083 4054 1227 4128 plumest,
1242 4055 1284 4112 sic
1296 4057 1518 4129 etinposternm
1535 4056 1691 4130 providere
1701 4065 1910 4131 oppurtunum

203 4130 422 4200 diaconna,nisi
431 4147 484 4204 par
495 4133 841 4205 mandatumetsiqillnm
856 4137 1030 4213 episcopi,si
1083 4141 1210 4199 Proinde
1218 4157 1274 4213 ego
1289 4145 1457 4209 iterraaos,
1472 4143 1596 4201 Albense
1605 4144 1741 4202 Ecclesia
1756 4146 1911 4220 [insistatis

203 4221 302 4274 tamen
320 4218 351 4274 in
364 4219 516 4291 provincia
541 4219 639 4278 luerit.
667 4222 777 4280 Sivaro
796 4225 952 4299 episcopus
972 4235 1029 4285 tres
1082 4230 1206 4287 humilis
1218 4232 1421 4305 episcopuser
1436 4238 1546 4290 sanctas
1558 4235 1701 4290 nomana
1727 4239 1822 4307 atque
1841 4251 1911 4310 apo

202 4305 499 4374 mansesabluerit,et
509 4308 735 4367 archidiaconus
751 4312 929 4371 mandatnm
940 4315 1030 4374 baba-
1084 4319 1193 4376 stolicre
1207 4319 1286 4375 sedis
1300 4319 1460 4376 cardinalis
1478 4325 1507 4376 et
1520 4321 1551 4377 in
1566 4320 1664 4378 Galliis
1676 4322 1807 4394 legatus,
1817 4326 1911 4381 omni·

202 4393 247 4451 bit
261 4393 401 4466 episcopi,
417 4395 593 4452 necessitate
599 4402 769 4468 argentost
779 4400 901 4458 clericos
910 4418 1028 4476 promo·
1045 4407 1426 4481 nbusquibusoportucrit
1437 4409 1910 4486 notumessevolofldelibus,quis

202 4480 266 4539 veri
281 4482 376 4550 saciet,
392 4487 421 4539 et
433 4482 577 4541 ccclesias
589 4485 730 4544 canonice
744 4490 853 4560 poterit
878 4491 1027 4551 ordinare.
1082 4497 1264 4553 monasterio
1279 4497 1309 4551 s.
1334 4496 1409 4553 Petri
1421 4498 1536 4555 carnoti
1562 4513 1628 4554 eam
1643 4512 1738 4571 qnam
1763 4499 1910 4560 hactenns

204 4567 346 4625 collectas
360 4568 609 4642 veroepiscopus,
621 4572 736 4646 absque
751 4574 1029 4652 archidiacono,per
1081 4582 1222 4642 habuisse
1232 4584 1425 4655 cognoscitur
1431 4583 1574 4643 abbatem
1586 4585 1712 4658 eligendi
1725 4586 1909 4658 libertatem,

202 4653 375 4730 parochiam
389 4656 484 4729 ipsius
494 4672 553 4715 uon
565 4657 1026 4737 iaciat,nisiantllomamveniat,
1082 4677 1226 4745 praesente
1240 4669 1402 4730 venerabili
1421 4671 1561 4730 Ganlrido
1580 4674 1751 4731 carnotensi
1764 4676 1909 4751 episcopo

202 4744 420 4802 autconcilium
432 4744 464 4802 in
475 4746 630 4819 provincia
644 4748 818 4824 celebretur,
835 4753 965 4812 autiortc
980 4757 1029 4814 do·
1081 4760 1177 4834 ipsius
1191 4766 1333 4832 suggestu
1345 4765 1434 4833 atque
1448 4766 1602 4832 rogatuax
1611 4763 1752 4819 Romano
1771 4765 1910 4823 &alesia

201 4833 313 4891 minum
330 4836 480 4907 papamin
493 4834 686 4894 Ecclesiasua
700 4839 844 4913 suscipiat
859 4858 867 4908 ;
884 4844 964 4916 quod
978 4852 1026 4902 ta·
1082 4849 1256 4907 auctoritate
1268 4863 1400 4921 praeseus
1409 4848 1690 4920 ineius'monasterii
1701 4851 1912 4927 capitulopras-

201 4937 267 4978 men
281 4922 1027 5006 consultoarchidiaconoiaciat:inquibusquidem
1082 4936 1196 4993 sidente
1207 4938 1233 4993 ei
1247 4936 1346 4993 Udone
1360 4953 1464 4995 recens
1488 4937 1580 4995 electo
1608 4937 1727 5005 abbate,
1741 4940 1813 4998 viva
1838 4957 1912 4999 voca

202 5008 415 5085 collectisque
429 5027 567 5085 expensoe
580 5018 1028 5092 omnesernutepiscopi,archi·
1081 5025 1333 5093 confirmaverim,
1344 5030 1373 5083 et
1386 5026 1443 5083 boe
1457 5025 1533 5083 idem
1559 5027 1670 5100 scripto
1694 5032 1782 5101 atque
1808 5029 1911 5102 sigillo

201 5095 586 5159 diaconusnullamhabeat
602 5103 778 5174 portionem.
789 5104 821 5161 ln
833 5108 947 5164 suteris
957 5125 1027 5168 sero
1080 5119 1183 5171 nostro
1197 5129 1246 5171 me
1255 5113 1405 5172 iacturum
1413 5113 1612 5187 promiserim.
1624 5115 1675 5173 iiic
1689 5118 1911 5187 ergoeamdem

202 5186 414 5245 communibus
427 5188 566 5256 coheotis,
581 5190 812 5250 archidiaconus
828 5198 861 5251 ut
873 5196 966 5253 moris
980 5203 1027 5255 eat
1080 5201 1333 5259 confirmationem
1339 5202 1908 5277 repetentesesdomluipapariiunorii.

221 5361 279 5437 ’(1)
304 5363 375 5446 Ques
398 5371 558 5435 sequnntur
583 5368 753 5453 deprompta
780 5374 847 5428 sunt
877 5389 911 5430 ex
935 5391 1025 5447 parvo
1079 5377 1263 5435 chidiaconna
1288 5378 1514 5447 Cameracensis,
1530 5381 1563 5436 A.
1585 5379 1786 5448 cancellarius,
1799 5384 1832 5440 Τ.
1864 5401 1906 5441 ar·

200 5431 390 5503 chartulario,
412 5435 437 5490 fs
449 5437 494 5504 36,
515 5449 557 5493 ve.
574 5438 607 5494 In
631 5440 687 5496 alro
710 5442 840 5514 ejusdem
866 5448 1025 5505 concordia
1079 5448 1263 5506 chidiaconna
1278 5450 1438 5521 Meldensis,
1454 5452 1485 5507 Τ.
1513 5451 1685 5517 monachus.
1707 5455 1789 5529 ungo
1803 5470 1904 5517 mons·

198 5506 377 5638 ppographo,
391 5506 472 5576 ibid..
486 5507 512 5565 i⁰
521 5509 679 5593 lingitur
690 5523 697 5566 ε
709 5512 1024 5599 «θίαιςτῐιιοςιιηῑοῑίαω
1079 5520 1150 5580 chus
1164 5520 1294 5592 Resbaci,
1309 5521 1442 5581 albertus
1456 5521 1664 5598 Stampensis.»

223 5582 340 5652 rtestsa,
356 5580 481 5640 domnus
493 5578 525 5638 Τ.
540 5595 618 5656 prsor
637 5580 737 5643 sareu
762 5584 893 5659 Victoris,
917 5590 951 5648 ii.
974 5606 1023 5650 sr-
