3884 6050
34 233 120 298 {269
839 228 938 291 vire.
1669 231 1748 290 iero

69 372 135 423 dita.
154 369 200 445 ,Llf
215 369 341 422 Doctrina
355 368 388 443 de
414 372 602 421 sacramentis.
613 368 671 443 .¹÷¹¹·
687 370 748 420 Otto
771 368 798 418 ic
823 366 1039 441 petrumredit.
1062 369 1126 419 Ltll.
1153 369 1217 433 Ejus
1241 371 1318 480 §esta
1338 371 1400 432 post
1423 367 1551 441 reditum.
1569 366 1633 417 LIV.
1660 367 1749 440 Altera

69 436 175 508 titionis
190 447 218 483 ιιι
233 434 417 484 Pomcranram
433 446 508 484 sacra
525 431 669 498 expeditio.
688 431 740 480 LV.
758 431 830 481 Sacri
846 444 904 493 eJus
918 429 1145 503 ibidemnlabores,
1159 432 1223 481 evi.
1250 445 1333 504 'acam
1350 431 1532 480 Pomeranisa
1548 429 1616 479 duce
1632 429 1748 480 Paionia

69 500 204 562 impetrat.
219 495 296 548 LVll.
315 495 344 544 lu
358 497 472 558 patriam
486 498 626 567 revocatus
641 494 715 543 redit.
732 492 819 565 thlll.
836 491 914 565 Gesta
926 492 999 541 ‹lomr
1015 507 1050 564 ,ru
1072 508 1129 556 ejus
1153 494 1283 566 absentia.
1313 493 1376 546 cix.
1395 493 1455 565 Otto
1470 491 1503 542 ad
1519 492 1653 554 synodum
1669 505 1748 541 voca·

576 553 1295 745 ιιιιιιιιιιιιιιιι
1307 552 1748 668 tractauit

149 720 154 732 ι
468 717 474 730 e
575 717 581 729 ο
924 714 930 728 ⁰
1052 721 1058 734 .
1124 695 1140 731 0
1160 697 1166 730 Ι
1181 695 1199 730 u
1217 717 1222 729 ι

75 866 98 933 l,
114 867 155 921 Ex
169 869 373 923 totauuorum
387 865 576 924 etmalorum
601 864 738 939 procellis
762 864 867 922 tandiu
883 865 985 928 Arieo
999 866 1089 924 fratre
1108 867 1174 940 eJ'us
1197 866 1288 926 milite
1301 865 1401 923 laturo
1429 863 1584 923 facultates
1608 868 1748 937 paternas

32 953 152 1025 agitata
162 953 387 1027 eambergensis
398 951 537 1025 Ecclesia,
551 955 611 1011 Deo
621 953 804 1027 providente,
813 968 867 1027 per
921 954 1041 1027 adepto.
1053 955 1136 1012 (terte
1145 954 1536 1013 deboeFrederieotestatur
1546 953 1746 1023 Necrologium

32 1040 125 1098 illum
141 1043 240 1115 ipsum
256 1047 357 1114 erepta
367 1050 421 1112 est,
437 1042 757 1116 qnieorumproeeipua
775 1058 867 1100 causa
922 1043 1114 1101 &Michaelis
1130 1043 1388 1114 Bambergoeadd.
1403 1047 1437 1100 25
1452 1044 1530 1101 Oet:
1543 1063 1557 1093 κ
1577 1040 1748 1098 Frederieus

31 1130 104 1200 fuit,
121 1130 411 1204 Hearieumtvimp.
427 1130 570 1203 intelligo,
589 1130 643 1203 qui
656 1146 723 1187 eam
746 1129 867 1188 duobus
919 1129 1009 1187 irater
1020 1132 1133 1190 Ottonis
1144 1133 1285 1206 episcopi.
1301 1153 1315 1182 »ι
1332 1131 1382 1187 Hie
1396 1147 1465 1186 eum
1480 1129 1560 1186 fratri
1583 1144 1636 1186 suo
1650 1127 1748 1186 (titoni

31 1220 208 1276 successive
220 1219 351 1286 contulit,
364 1220 536 1276 Hermanno
550 1221 714 1293 etRuperto
723 1218 762 1276 ob
771 1219 866 1276 Simo·
920 1225 1059 1292 sumptus
1069 1219 1108 1277 ad
1123 1218 1747 1293 prosequendastudiahaudsuppeditaret,

29 1308 143 1365 niceas
159 1312 237 1366 artes
260 1308 386 1374 notatis;
402 1306 514 1364 felicior
530 1314 629 1365 tamen
655 1309 686 1364 in
707 1306 866 1377 deligendo
920 1308 945 1363 is
960 1309 1068 1380 partim
1083 1310 1269 1379 necessitate,
1282 1307 1391 1380 partim
1420 1308 1583 1364 litterarum
1602 1321 1705 1363 amore
1717 1305 1748 1361 in

29 1395 133 1453 ultimi
148 1411 319 1453 successore
343 1398 459 1463 Ottone,
483 1395 531 1470 qui
554 1412 616 1452 suae
638 1395 773 1452 Ecclesiae
796 1395 865 1452 dein
921 1395 1599 1469 Poloniainmigravit,ubischclampuererum
1613 1393 1748 1466 aperiens

28 1489 221 1542 restaurator
232 1484 288 1543 luit
303 1490 331 1541 et
346 1484 438 1541 decus
453 1484 619 1542 maximum
636 1485 764 1555 ;dignus
777 1484 864 1552 adeo,
921 1483 996 1542 alios
1011 1485 1148 1542 docendo
1163 1502 1254 1559 seque
1270 1486 1367 1558 ipsum
1381 1484 1567 1551 instruendo,
1579 1482 1663 1540 brevi
1677 1485 1749 1538 tem-

29 1573 267 1646 ineujuspricra
278 1572 340 1631 lata
355 1577 384 1629 et
395 1573 561 1646 posteriora
570 1572 865 1630 lactaeuratiusnon·
920 1589 992 1647 pore
1006 1574 1116 1630 ditatus
1131 1580 1160 1632 et
1174 1574 1338 1632 honoratus
1351 1578 1406 1632 est.
1417 1573 1461 1629 lbi
1479 1573 1570 1630 etiam
1584 1572 1680 1642 gentis
1689 1570 1748 1626 liu·

29 1660 111 1718 nihil
136 1662 327 1735 inquiramus
350 1680 357 1718 ι
380 1663 511 1736 seposita
525 1662 643 1718 interim
656 1662 705 1717 lite
719 1661 757 1718 de
771 1660 867 1717 Ande·
921 1677 1012 1733 guam
1026 1662 1156 1728 edoctus,
1167 1679 1229 1736 qua
1248 1663 1360 1728 virtute,
1376 1679 1438 1735 qua
1452 1660 1586 1734 eorporis
1600 1658 1749 1730 elegantia

30 1750 161 1807 chsiana
169 1752 231 1822 ejus
240 1751 385 1824 progenie,
394 1766 432 1807 ue
440 1750 632 1824 genealogicis
640 1750 774 1806 histricia
782 1749 868 1807 lecto·
921 1755 1099 1823 magnatum
1111 1751 1209 1823 primo
1224 1751 1282 1807 sibi
1296 1749 1541 1816 familiaritatem,
1566 1746 1651 1805 brevi
1681 1749 1750 1819 post

30 1855 86 1897 res
96 1839 191 1896 inutili
205 1854 296 1912 opera
308 1838 511 1898 destineamus
521 1857 530 1907 ι
542 1838 579 1895 de
589 1837 701 1912 quibus
712 1843 813 1898 tamen
824 1838 868 1896 iu·
921 1840 1009 1896 etiam
1024 1840 1118 1912 ipsius
1133 1840 1217 1896 ducis
1229 1839 1357 1896 Poloniae
1372 1836 1681 1910 gratiampromeruit,
1696 1834 1748 1907 qui

31 1927 130 1986 terius
144 1928 299 1985 nonnulla.
308 1928 353 1985 tid
364 1928 490 1986 certiora
502 1927 592 1998 igitur
604 1927 820 2000 progredimur,
831 1941 868 1984 ex
921 1927 1006 1984 illum
1020 1943 1072 1984 seu
1085 1928 1225 1986 clericum
1238 1944 1288 1997 per
1302 1927 1415 2000 aliquot
1429 1941 1524 1983 anuos
1536 1924 1619 1998 apud
1632 1939 1663 1980 se
1676 1922 1750 1979 deti·

32 2015 868 2091 quibusmajoremquamaquacunqueillustriprosapia
921 2017 998 2074 nuit.
1014 2019 1079 2074 Dux
1093 2016 1147 2073 iste
1162 2017 1202 2074 ab
1217 2017 1283 2073 aliis
1297 2014 1451 2072 Boleslaus
1465 2013 1584 2080 dicitur,
1601 2015 1633 2069 at
1645 2026 1750 2069 revera

31 2105 159 2163 laudem
175 2112 204 2162 et
219 2104 345 2175 gloriam
360 2106 525 2179 promeruit
540 2106 617 2163 Otto.
922 2105 977 2163 luit
989 2105 1155 2164 Uladislaus
1170 2105 1321 2162 Boleslaill
1331 2104 1409 2176 regis
1419 2104 1506 2169 filius,
1521 2102 1575 2176 qni
1589 2106 1687 2159 tamen
1709 2099 1749 2157 ob

76 2196 113 2252 Ut
135 2210 204 2250 vero
219 2193 248 2249 iu
264 2198 347 2250 tanta
365 2193 545 2266 scriptorum
559 2193 701 2250 varietate
713 2197 776 2251 tuta
790 2192 868 2249 inee-
885 2222 908 2280 Β
923 2210 1008 2269 pape
1023 2196 1220 2252 reverentiam
1244 2193 1331 2251 ducis
1347 2196 1463 2250 tantum
1486 2190 1570 2248 titulo
1596 2188 1744 2247 utebatur.

34 2281 868 2355 damusria,lontes,uudchausimus,praecipuos,prius
922 2286 1035 2341 llortua
1054 2282 1145 2354 igitur
1157 2299 1212 2339 sua
1225 2297 1318 2340 uxore
1332 2280 1464 2346 tuditha,
1485 2278 1572 2336 ducis
1598 2277 1750 2335 Bohemisa

34 2370 172 2428 indicare
185 2371 281 2443 jurat.
292 2370 429 2426 Diversus
437 2370 516 2426 enim
526 2369 593 2426 vitae
607 2369 763 2442 scriptores
772 2385 869 2425 nume·
921 2372 994 2439 filia,
1008 2373 1074 2429 Otto
1089 2371 1159 2428 duci
1174 2376 1279 2430 auctor
1292 2369 1354 2434 luit,
1373 2374 1404 2425 ut
1425 2369 1581 2442 Sophiam,
1593 2383 1686 2440 quam
1700 2361 1750 2423 alii

34 2475 154 2526 ramus,
172 2458 378 2533 utplurimum
398 2457 593 2532 interpolatos
617 2462 668 2514 ant
693 2458 866 2531 posterioris
921 2461 1075 2519 tuditham
1086 2459 1248 2533 appellant,
1259 2458 1376 2517 Henriei
1389 2460 1425 2516 iv
1442 2457 1566 2515 cesaris
1583 2470 1715 2513 sororem
1723 2459 1752 2510 et

35 2549 144 2615 (vialis,
157 2547 269 2621 quibilfl
284 2546 376 2603 fidem
391 2546 530 2613 tribuere,
548 2547 656 2602 wlleffl
670 2546 700 2603 iu
719 2546 867 2612 omnibus,
923 2543 1749 2620 Salomonisregisilungarioeviduampeteretcoujugem.

35 2637 164 2693 instituti
179 2637 272 2694 nostri
287 2635 654 2709 ratiohaudpatitur.ltlos
665 2634 868 2708 igiturpaueis
922 2639 1079 2712 Delegatus
1100 2639 1200 2711 itaque
1216 2653 1285 2693 cum
1306 2635 1372 2693 aliis
1389 2634 1428 2691 ad
1451 2633 1609 2691 Heuricum
1627 2636 1671 2689 est
1685 2632 1751 2703 ipse

36 2723 308 2796 considerabimus,
317 2726 366 2800 qui
374 2725 558 2799 temporibus
564 2724 869 2798 proximioresviden·
923 2728 1000 2795 Otto,
1016 2728 1049 2782 ut
1062 2740 1204 2798 sponsam
1216 2723 1297 2780 illam
1305 2723 1344 2779 ab
1353 2739 1388 2779 eo
1399 2721 1566 2795 postularet,
1579 2735 1672 2792 quam
1686 2721 1749 2775 eta.

34 2821 99 2884 tur,
112 2820 140 2871 et
153 2830 228 2888 quos
242 2814 334 2872 etiam
347 2815 420 2871 actis
435 2815 497 2869 suis
513 2813 636 2869 inseruit
650 2814 671 2869 1.
689 2815 717 2869 B.
732 2811 869 2872 sollerius
925 2810 1650 2885 ¹088obtinuitatqueinPoloniamcomitatusest,
1667 2807 1751 2877 cujus

36 2905 72 2962 in
87 2903 301 2960 commentario
318 2903 426 2977 provio
451 2902 500 2975 (1).
517 2902 577 2957 lios
592 2901 751 2968 Selridum,
769 2900 869 2957 Ebbo·
924 2903 993 2960 dein
1004 2899 1178 2976 capellanus
1190 2902 1245 2959 luit
1258 2906 1285 2958 et
1295 2900 1460 2957 litterarum
1476 2897 1646 2955 adlratrem
1662 2910 1750 2951 suum

37 3009 109 3050 nem
127 2998 156 3050 et
169 2993 339 3051 Tiemonem
356 2990 495 3066 appellat,
521 2991 562 3049 ita
590 2996 692 3048 tamen
718 2992 748 3048 in
776 3006 869 3047 unum
924 2992 1082 3051 Henricum
1097 2989 1229 3063 bajulus.
1241 2991 1302 3047 Hac
1312 2988 1472 3047 occasione
1487 2987 1610 3045 ilenrico
1632 2983 1693 3056 regi
1708 2983 1753 3039 in-

38 3082 195 3148 coulusos,
222 3086 255 3140 ut
277 3081 351 3156 quid
367 3081 472 3154 cuique
494 3079 686 3137 tribuendum
714 3079 760 3145 sit,
783 3080 869 3152 plane
924 3081 1029 3148 notuit,
1043 3096 1135 3154 seque
1151 3080 1296 3150 magisne
1310 3080 1407 3150 magis
1421 3078 1451 3134 in
1467 3077 1532 3148 ejus
1543 3075 1669 3147 gratiam
1683 3070 1752 3129 insi·

37 3172 172 3242 ignores.
201 3170 233 3226 ld
266 3171 364 3227 solum
388 3174 516 3236 constat,
550 3185 644 3226 uuum
672 3168 789 3225 illorum
816 3184 870 3225 seu
924 3170 1035 3239 cuerit,
1052 3170 1128 3225 adeo
1144 3169 1270 3225 utillum
1281 3164 1751 3241 deniqueasororeejusquema-

38 3258 190 3317 Seiridum
210 3259 340 3349 spribam
361 3276 414 3316 seu
428 3258 579 3317 notarium
604 3260 632 3315 S.
647 3257 759 3315 Ottonis
778 3256 870 3313 luisse
924 3260 981 3316 rito
995 3259 1068 3314 duce
1078 3262 1227 3330 expeteret
1238 3273 1293 3314 ceu
1301 3254 1454 3327 obsequiis
1467 3253 1531 3310 suis
1541 3250 1750 3317 necessarium,

39 3349 168 3422 ejusque
183 3346 686 3405 iumissiouePomeranicasocium
698 3363 705 3413 ;
716 3346 798 3419 quod
807 3346 870 3418 ipse
924 3363 1013 3418 quem
1025 3347 1114 3404 etiam
1129 3346 1167 3404 ab
1179 3346 1221 3403 eis
1233 3360 1312 3416 agre
1321 3344 1389 3401 lieet
1403 3342 1535 3407 obtinuit,
1551 3356 1619 3397 cnm
1631 3335 1751 3411 magnis

39 3452 104 3494 non
118 3436 210 3494 semel
224 3436 255 3494 in
281 3436 358 3493 libro
383 3435 516 3492 seeundo
542 3435 650 3509 prodit,
667 3437 741 3492 dum
767 3434 804 3490 de
821 3433 870 3490 illo
925 3434 1102 3492 muneribus
1118 3451 1137 3492 a
1151 3433 1361 3491 sedimissum.

39 3541 137 3598 agens
151 3526 183 3582 in
200 3527 297 3599 prima
312 3540 444 3598 persona
465 3523 572 3597 plurali
586 3523 728 3598 loquitur.
755 3523 871 3580 ideam
888 3573 910 3637 C
961 3526 1009 3582 lli.
1023 3525 1146 3596 Hiejam
1161 3539 1180 3581 a
1193 3539 1224 3579 se
1247 3522 1377 3579 invicem
1392 3518 1571 3576 dissentiunt
1593 3515 1750 3573 memorati

39 3614 71 3671 in
86 3614 206 3687 reliquis
221 3614 342 3672 duobus
356 3614 428 3670 Vitae
444 3614 607 3670 ottonianae
621 3613 706 3670 libris
719 3613 802 3669 haud
819 3610 872 3667 ob·
926 3613 1092 3688 biographi,
1104 3613 1176 3669 dum
1191 3613 1327 3671 ottonem
1342 3626 1396 3667 ceu
1409 3608 1534 3665 tudittrae
1550 3606 1750 3679 capellanum,

41 3710 188 3770 servetur,
202 3704 312 3760 indicio
327 3707 382 3774 est,
397 3701 509 3760 illosab
524 3701 793 3775 eliisseriptoribus
805 3716 872 3757 esse
926 3708 997 3761 tune
1010 3703 1141 3775 primum
1157 3715 1226 3756 cum
1237 3700 1313 3756 eain
1324 3698 1480 3755 Pelopiam
1496 3695 1611 3751 venisse
1626 3693 1750 3751 volunt:

40 3795 188 3850 exaratos.
205 3794 262 3849 Hos
272 3796 374 3849 umen
389 3807 450 3848 non
464 3788 590 3847 muitum
607 3790 698 3847 luisse
713 3805 870 3863 suppares,
920 3770 985 3865 ‘qua
1001 3792 1089 3848 etiam
1100 3788 1260 3846 occasione
1274 3786 1313 3843 ob
1327 3786 1512 3858 frequentem
1527 3779 1684 3838 transitum
1699 3794 1753 3852 per

39 3881 155 3939 indicat
168 3880 308 3955 prologus
317 3881 452 3938 invitam
462 3880 502 3953 (2)
516 3896 524 3936 ι
537 3900 550 3932 s
563 3880 679 3952 Scripta
689 3883 789 3937 autem
803 3869 873 3935 suut
927 3878 1154 3949 wirceburgum
1180 3875 1291 3932 ibidem
1319 3872 1465 3947 hospitale
1479 3870 1612 3938 erexerit,
1639 3868 1677 3925 de
1690 3882 1753 3941 quo

41 3972 76 4029 in
90 3970 166 4027 libro
177 3970 244 4038 hoe,
258 3987 326 4045 quae
339 3969 471 4039 religiosi
486 3985 521 4025 ac
535 3967 740 4042 probatissimi
753 3969 806 4023 viri
820 3967 873 4024 ab
927 3969 999 4027 alibi
1009 3966 1141 4024 diximus
1155 3964 1204 4037 (3).
1219 3965 1356 4021 Ottonem
1371 3975 1493 4035 quoque
1502 3957 1695 4031 postobitum
1704 3958 1752 4012 Ju-

44 4056 874 4134 ipsogestaoeulissuisviderunt,etnobisfideliterenar-
927 4046 1752 4125 (lithaRatisbonempervenissetseribnntetintercano

45 4153 197 4214 caverunt,
223 4147 295 4204 utin
318 4147 487 4204 testimonio
512 4144 643 4202 veritatis
668 4144 742 4201 nibil
769 4144 873 4218 privati
926 4135 1753 4209 nicosmoratum,doneeababbatissainleriorismona·

47 4237 199 4293 emerissi
211 4237 312 4306 gratia
324 4236 482 4301 inseratur,
494 4234 547 4290 sed
561 4249 652 4307 opera
665 4237 740 4304 ejus,
753 4249 820 4305 quae
844 4234 873 4290 in
928 4232 1122 4290 steriiibidem
1134 4230 1244 4287 domus
1253 4228 1506 4300 suadispeosator
1516 4226 1554 4281 sit
1564 4224 1750 4300 constitutus,

47 4325 110 4381 Deo
121 4324 199 4382 laeta
213 4330 293 4394 sunt,
309 4339 461 4379 summam
476 4323 641 4378 sinceritate
656 4328 685 4378 et
698 4321 819 4378 veritate
842 4322 873 4377 in
928 4322 964 4378 ibi
981 4319 1131 4378 autemab
1143 4318 1263 4374 lienrieo
1279 4332 1344 4388 rege
1368 4320 1486 4386 neptem
1505 4328 1592 4368 suam
1608 4309 1752 4367 invisente

45 4413 194 4469 honorem
207 4414 255 4469 Dei
271 4416 300 4469 et
314 4412 469 4469 utilitatem
485 4411 622 4467 Ecclesiae
647 4410 839 4483 proferantur.
859 4432 870 4459 ι
928 4410 1093 4483 postulatus
1108 4411 1136 4463 et
1151 4408 1180 4462 in
1208 4405 1309 4461 aulam
1337 4419 1425 4459 suam
1450 4402 1562 4457 accitus
1577 4419 1584 4459 :
1599 4399 1650 4454 ubi
1669 4395 1753 4454 varia

46 4501 215 4558 Notandum
231 4516 357 4573 quoque,
371 4501 411 4557 ab
426 4499 481 4555 illis
492 4502 628 4558 Ottouem
642 4514 873 4571 nunquamsen·
928 4514 1049 4572 quoque
1065 4500 1223 4552 narrantur
1237 4494 1387 4564 utriusque
1417 4489 1554 4546 amicitie
1575 4489 1753 4559 argumenta

47 4590 200 4659 etum,sed
216 4589 337 4646 beatum
353 4587 611 4656 autqvenerabilcm
626 4587 874 4659 appellari,adeo·
928 4604 996 4661 quae
1009 4587 1127 4642 uberius
1141 4583 1287 4639 discutere
1302 4596 1363 4637 non
1378 4582 1474 4636 vacat.
1490 4580 1561 4634 Cum
1584 4581 1685 4633 autem
1697 4589 1752 4630 nec

47 4693 108 4751 que
119 4679 183 4749 jam
197 4684 265 4735 aute
276 4694 301 4734 a.
319 4679 388 4733 lt89
400 4692 451 4732 sen
464 4675 543 4732 illius
554 4675 810 4733 canonizationem
829 4676 873 4731 lit·
928 4677 965 4731 de
979 4691 1059 4731 anuo
1074 4670 1231 4729 emortuali
1245 4669 1258 4725 J
1264 4668 1375 4726 uditlrae
1387 4684 1438 4724 seu
1448 4666 1564 4739 Sophiae
1574 4663 1704 4721 Poloniae
1711 4679 1753 4718 re-

48 4766 118 4822 teris
132 4766 226 4823 luisse
239 4766 392 4823 mandata.
928 4764 1018 4835 giuoe,
1031 4779 1085 4819 uec
1096 4762 1132 4816 de
1147 4759 1246 4832 aliqua
1267 4755 1382 4814 ilenrici
1397 4755 1475 4826 regis
1498 4760 1583 4827 nepte
1600 4751 1753 4810 abbatissa

85 4856 117 4911 11.
135 4856 200 4914 Otto
212 4854 300 4926 igitur
314 4871 350 4911 ex
376 4853 484 4910 suevia
507 4869 561 4909 seu
589 4852 763 4910 Alemannis
789 4853 873 4909 duxit
927 4848 1137 4909 Ratisbonensi
1150 4847 1270 4903 aliunde
1286 4845 1358 4919 quid
1370 4847 1494 4909 constet,
1507 4849 1618 4899 certum
1635 4844 1753 4910 tempus

48 4942 205 5013 originem,
216 4943 295 5000 circo
308 4957 423 4999 annum
439 4941 507 4997 icas
521 4944 620 5006 uatus,
634 4940 719 5012 eujus
736 4945 871 5012 parentes
888 4930 913 4989 D
928 4937 1121 4997 determinari
1133 4937 1245 5009 nequit,
1261 4949 1323 5008 quo
1336 4932 1366 4989 in
1389 4932 1489 4988 aulam
1505 4929 1630 4987 casaris
1654 4941 1752 4999 perae·

48 5034 117 5090 Otto
141 5036 169 5087 et
191 5031 353 5088 adelheida
368 5030 521 5088 nobilitate
533 5028 650 5102 quidem
665 5027 746 5093 clari,
773 5029 873 5100 opibus
927 5030 1003 5086 uerit
1018 5024 1234 5099 Otto,quamvis
1245 5023 1274 5079 in
1290 5021 1412 5078 demum
1423 5020 1501 5076 eirea
1513 5035 1541 5076 a.
1561 5019 1627 5076 1096
1640 5015 1751 5073 laetum

48 5127 149 5179 cutem
167 5120 332 5189 medioeres,
349 5120 443 5178 lilium
467 5134 556 5176 suum
582 5116 614 5173 in
629 5116 774 5189 primaeva
789 5122 873 5174 aetate
927 5117 1105 5174 existimem.
1117 5113 1149 5167 ld
1164 5111 1268 5168 saltem
1288 5116 1369 5166 entra
1392 5106 1518 5163 dubium
1534 5110 1588 5172 est,
1615 5106 1752 5162 Ottonem

47 5208 152 5266 litteris
163 5206 874 5281 erudiendumtradidernut‚quorsumvero,haud
928 5192 1752 5278 priusinPolonialuisse,antequamquaeumquedcmum

49 5302 181 5357 notatur.
196 5299 308 5357 Litteris
320 5299 421 5371 itaque
432 5298 589 5371 diligenter
600 5293 735 5353 excultus
746 5295 815 5352 etin
829 5294 873 5352 di·
928 5294 1042 5351 ratione
1057 5290 1096 5347 ad
1108 5288 1221 5346 ilenrici
1235 5287 1313 5357 regis
1330 5285 1431 5344 aulam
1444 5284 1561 5343 delatus
1575 5281 1622 5340 sit.
1633 5279 1751 5337 Patetid

51 5386 209 5444 secationis
220 5386 307 5445 annis
322 5387 499 5445 constitutus
513 5381 875 5458 parentesamisitfflride-
928 5384 1030 5455 aperte
1041 5396 1076 5436 ex
1095 5378 1164 5435 vitre
1178 5377 1321 5450 scriptore
1345 5390 1436 5448 quem
1459 5374 1623 5447 sequimur,
1644 5369 1698 5443 qui
1712 5369 1752 5441 (t)

101 5550 129 5615 l)
149 5549 179 5603 Τ.
195 5547 287 5614 ltul„
304 5545 450 5617 Ralland„
466 5560 493 5616 p.
509 5542 572 5602 349.
964 5539 1004 5609 (3)
1022 5537 1153 5611 Episcop.
1168 5534 1309 5602 Wirceb„
1325 5551 1352 5607 p.
1369 5534 1432 5590 tsi.

99 5620 127 5693 2)
149 5619 181 5675 t.
195 5635 233 5687 c.,
254 5635 282 5690 p.
298 5617 360 5675 378.
966 5612 1005 5683 (4)
1025 5611 1057 5669 t..
1072 5625 1102 5678 ιι,
1116 5626 1141 5665 e.
1157 5625 1177 5665 1.
1187 5624 1216 5664 n.
1231 5607 1276 5664 53.
