3884 6050
217 242 294 304 ιιιι
751 211 756 220 ‘
843 238 1021 301 rancoris
1041 239 1297 302 necaremini
1848 244 1925 304 isis

218 377 251 430 ut
264 371 375 430 calesti
388 371 523 431 accincta
536 372 751 432 auxilieminas
764 371 850 446 ragis,
863 375 892 429 et
901 371 1040 428 timorem
1055 371 1080 435 Α
1095 371 1172 440 simi,
1194 376 1224 431 et
1249 374 1343 442 vohis,
1359 373 1497 449 inquam,
1517 373 1591 448 ipsis
1602 374 1777 449 „subvenite
1794 381 1839 441 ut,
1855 374 1924 432 dum

217 461 344 520 eradere
358 462 483 535 possint.
497 462 632 528 Quotidie
659 479 759 520 comes
774 461 822 519 ille
849 477 920 518 suos
941 458 1040 533 laery·
1095 465 1215 535 tempus
1230 463 1334 520 auxilii
1355 469 1384 520 et
1408 464 1526 521 consilii
1546 464 1631 521 nobis
1648 471 1795 539 superest,
1819 466 1927 522 atanti

216 550 330 608 mando
344 555 447 608 oratet
463 557 720 624 monet‚quatenus
734 548 888 609 soliustlei
898 548 1040 605 lidueiam
1094 550 1150 608 riri
1166 552 1302 609 lancibus
1316 558 1344 609 et
1359 556 1502 626 potestate
1526 553 1670 612 effrenata
1686 554 1805 611 liberari
1826 553 1925 610 valea·

215 639 370 705 habentes,
388 639 524 696 umorem
534 641 712 714 abjiciautet
726 646 868 697 terrorem
876 638 1039 711 deponant
1095 655 1173 695 mus.
1188 640 1258 698 Sola
1268 656 1402 714 namque
1429 641 1567 699 salutaris
1582 644 1631 699 llei
1651 642 1759 700 fiducia
1782 643 1817 700 in
1842 644 1929 699 omni

216 727 375 799 gloriosius
389 727 512 800 quidem
526 733 586 785 toto
599 730 711 786 mundo
734 727 904 785 narrabitur
931 741 987 782 nos
1009 724 1041 781 in
1094 734 1197 786 nostra
1212 734 1313 786 manet
1327 729 1533 802 dispositione,
1549 731 1612 788 etin
1628 732 1730 789 vestris
1745 732 1922 805 armisque

215 817 327 890 lustitia
340 817 567 884 confidentes,ct
579 819 701 892 propria
713 817 786 875 tueri
794 815 904 874 atmori
912 814 1041 887 primum
1094 817 1260 890 accepistis,
1276 818 1628 891 omniumquebonorum
1637 820 1802 877 amissione
1813 827 1929 877 vestro

218 905 249 962 in
263 921 315 962 ore
328 904 429 977 gladii,
437 922 531 978 quam
542 906 603 978 pati
611 907 719 964 alienas
735 903 1041 965 manusnobisriren·
1094 921 1162 962 rum
1175 905 1341 963 consolatio
1358 912 1455 963 restra
1461 907 1685 965 imflammetur.
1696 906 1927 966 Consolandnm

217 992 295 1051 tibus
319 999 422 1050 nostra
452 993 604 1061 invadere,
629 1000 657 1052 et
676 993 786 1051 civibus
806 992 940 1049 delicatis
958 1006 1041 1063 pere·
1094 994 1208 1067 quippe
1220 998 1274 1062 ost,
1290 1000 1321 1051 nt
1336 1011 1406 1067 spes
1420 995 1452 1051 in
1466 996 1588 1053 victoria
1603 996 1759 1055 habeatnr.
1786 1000 1849 1054 Nos
1877 1013 1928 1069 pro

217 1081 454 1154 grinoseiticere.
468 1084 531 1140 Vox
544 1083 647 1156 itaque
665 1084 803 1140 omnium
821 1097 881 1138 una
902 1079 1037 1144 efficitur,
1094 1082 1234 1154 augenda
1245 1083 1380 1140 libertate
1392 1083 1925 1154 sanguinemvolumusiundare,etin

216 1171 255 1229 ad
265 1170 383 1228 illorum
399 1171 554 1245 petitiones
570 1177 724 1230 vertuntur
739 1190 746 1240 ;
762 1172 865 1244 sicque
875 1170 922 1226 die
936 1172 1040 1225 noctu·
1095 1169 1204 1227 alienas
1220 1186 1328 1227 manus
1340 1169 1421 1228 nullo
1435 1172 1528 1228 modo
1544 1172 1861 1244 perreuira.Timorem
1876 1175 1927 1230 ita·

214 1276 271 1333 que
286 1259 475 1332 invigilantes
485 1260 645 1332 (calestem
660 1260 814 1318 victoriam
844 1257 1038 1315 invocabant.
1094 1259 1926 1335 quemortisabjiciamushujusmodi,etjustitiamdeien-

214 1347 359 1420 Cumque,
372 1353 403 1405 ut
416 1349 658 1422 supradiximus,
670 1364 720 1405 rex
734 1346 879 1419 llogerius
894 1345 1040 1402 civitatem
1094 1348 1199 1404 dentes
1212 1347 1567 1421 unanimitermoriamur‚
1581 1355 1613 1407 ut
1623 1355 1683 1408 toto
1693 1350 1766 1407 orbe
1779 1357 1925 1408 terrarum

213 1437 372 1495 Baranaam
383 1453 445 1495 suaa
458 1438 649 1510 subjugasset
657 1437 807 1512 potestati,
814 1441 843 1494 et
856 1433 1040 1493 Tancredum
1095 1436 1177 1494 lama
1190 1442 1283 1494 nostra
1298 1437 1412 1494 virtutis
1423 1438 1603 1495 inveniatur.
1629 1442 1690 1496 Rex
1710 1439 1862 1496 ooelorum
1874 1439 1927 1496 Do

214 1525 586 1584 deGonvarsanoatotius
600 1527 711 1600 Apulia
734 1525 848 1583 linibus
868 1524 1038 1597 expulisset,
1094 1524 1206 1591 minus,
1221 1525 1334 1593 iratres,
1347 1526 1496 1599 justitiam
1515 1531 1653 1584 nostram
1667 1528 1822 1601 inspiciat,
1840 1529 1926 1600 etqui

215 1612 1041 1688 exercitaviriliter,aeriusquecongregatc,eireaBene·
1094 1613 1925 1685 llachaboeorumorationeselamantiumexaudivitno·

214 1701 1040 1787 ventanosfinesadvenit,Coptinuoinplanitiempontis·
1058 1733 1081 1793 B
1095 1709 1172 1761 strae
1185 1703 1321 1777 dignetur
1333 1704 1465 1777 accipere
1480 1704 1667 1763 afflictiones.
1680 1706 1851 1772 Quidenim
1862 1723 1925 1780 pro·

216 1790 315 1848 Sancti
326 1791 469 1848 Valentini
478 1792 590 1850 civitati
605 1792 786 1866 proximam,
797 1807 849 1849 rex
863 1791 927 1863 ipse
945 1790 1041 1847 tertio·
1095 1791 1171 1864 dest,
1181 1792 1374 1859 dilectissimi,
1389 1795 1510 1865 turpiter
1524 1795 1555 1851 in
1567 1795 1680 1852 mundo
1696 1797 1752 1852 isto
1764 1801 1927 1852 manereet

215 1878 332 1935 decimo
345 1879 394 1936 die
409 1880 523 1936 mensis
534 1880 968 1938 tuliiintrantecastrametatus
984 1880 1039 1934 est.
1095 1880 1306 1939 afflictionibus
1318 1881 1483 1953 subjacere,
1499 1899 1568 1939 cum
1583 1884 1769 1957 postmuitas
1777 1885 1925 1954 miserias,

214 1967 326 2025 Deinde
340 1967 465 2026 consilio
487 1974 610 2041 accepto
637 1969 751 2041 legatos
767 1969 894 2026 lieberto
914 1966 1040 2040 principi
1095 1975 1123 2026 et
1133 1969 1263 2042 pericula
1277 1986 1341 2041 qua
1362 1969 1450 2026 nobis
1463 1969 1638 2038 succedunt,
1666 1987 1747 2028 mors
1761 1988 1798 2028 ex
1815 1972 1925 2044 impro

216 2058 389 2130 Capuanoet
405 2059 504 2115 comiti
519 2057 687 2131 Rainulpho
709 2057 873 2123 mandarit,
902 2061 934 2114 ut
953 2056 1040 2129 justi·
1094 2058 1159 2115 viso
1171 2057 1320 2115 horribilis
1330 2057 1447 2128 accidit,
1459 2064 1486 2115 et
1501 2059 1722 2116 calamitatibus
1741 2060 1869 2126 nostris,
1884 2060 1924 2116 di-

215 2146 288 2202 tiam
301 2144 359 2202 sibi
372 2146 513 2202 exmultis
520 2147 667 2220 variisque
674 2146 1037 2221 querimoniiseonsequa·
1093 2146 1230 2219 vitiisque
1241 2145 1331 2203 tinem
1345 2146 1566 2220 terminumque
1586 2148 1714 2220 imponit
1727 2146 1923 2205 iGloriosins

214 2238 271 2291 tur.
285 2233 420 2306 Princeps
439 2240 551 2302 autem,
573 2234 684 2292 nuntiis
699 2233 808 2293 auditis
829 2235 860 2290 in
876 2237 1040 2305 conspectu
1093 2234 1184 2305 igitur
1197 2234 1252 2292 erit
1266 2250 1321 2307 pro
1339 2234 1467 2308 justitia,
1496 2251 1589 2309 quam
1608 2251 1765 2309 speramus
1787 2236 1926 2303 delicere,

213 2323 349 2380 omnium
363 2338 494 2390 suorum,
510 2323 606 2380 taliter
615 2322 772 2397 respondit
788 2339 795 2379 :
814 2341 830 2377 ι
845 2321 926 2380 Sciat
934 2337 1040 2379 revera
1094 2339 1187 2397 quam
1202 2323 1299 2395 gentis
1310 2328 1419 2380 nostrae
1435 2323 1638 2393 malaridere,
1654 2329 1683 2381 et
1696 2324 1870 2397 periculose
1882 2341 1928 2382 ex·

212 2426 266 2468 rex
280 2415 386 2477 vester,
400 2427 491 2484 quem
506 2412 615 2478 dicitis,
645 2411 788 2486 quoniam
808 2411 890 2469 nullo
907 2409 998 2467 modo
1013 2410 1039 2466 ei
1095 2410 1183 2469 sulati
1198 2411 1276 2468 diem
1295 2411 1435 2468 claudere
1449 2416 1626 2469 extremum.
1654 2416 1761 2470 Notum
1780 2420 1927 2485 praeterea

211 2499 357 2573 justitiam
369 2498 522 2567 iaciemus,
548 2500 643 2557 donec
661 2501 763 2558 comiti
788 2499 956 2573 flainulpho
969 2514 1041 2555 uxo-
1094 2507 1199 2558 restrae
1210 2499 1417 2571 significamus
1431 2501 1618 2568 fraternitati,
1648 2505 1747 2574 utpro
1766 2502 1927 2559 securitate

214 2604 277 2646 rem
292 2591 321 2645 et
334 2587 428 2645 tilium
438 2589 638 2657 restaurabit3
657 2604 748 2662 super
774 2590 863 2647 etiam
890 2587 1040 2645 civitatem
1094 2588 1182 2647 nobis
1198 2589 1237 2645 ad
1248 2588 1376 2645 invicem
1391 2589 1464 2646 data
1473 2589 1590 2647 obsides
1601 2589 1731 2647 filiorum
1739 2595 1923 2656 nostrorum,

214 2675 394 2743 Abellinum,
408 2681 587 2749 oleastrum,
610 2678 693 2753 quod
711 2678 769 2735 sibi
782 2677 914 2743 abstulit,
929 2678 960 2734 in
975 2677 1041 2750 ejus
1095 2678 1429 2749 etconsanguineorum
1451 2694 1612 2752 ponamus,
1627 2677 1796 2751 ponendum
1812 2680 1924 2752 quippe

214 2770 361 2840 potestate
376 2765 591 2839 largieturltol.
608 2790 622 2819 a
636 2770 669 2825 at
682 2766 787 2840 legatis
800 2765 858 2824 illis
871 2766 1041 2823 revertenti·
1096 2772 1150 2836 est,
1165 2766 1318 2824 attestanti
1336 2766 1439 2824 animo
1464 2766 1647 2837 iaciendum,
1666 2771 1699 2823 ut
1710 2767 1922 2841 unusquisque

215 2855 423 2929 hasprinceps
439 2855 488 2912 ille
503 2856 657 2913 universos
671 2856 864 2925 suoslmilites
879 2855 934 2913 tria
948 2853 1042 2912 millia
1095 2860 1233 2913 nostrum
1246 2871 1376 2927 securus,
1390 2860 1418 2912 ot
1447 2851 1556 2913 'timore
1589 2855 1722 2928 deposito
1745 2854 1824 2912 alter
1845 2856 1922 2913 alteri

216 2944 276 3003 lere
291 2959 418 3002 numero
432 2944 898 3019 etquadragintamiliapeditum
913 2948 1044 3002 minato·
1095 2943 1368 3008 fidemattribuat,et
1382 2943 1491 3014 rigoris
1510 2943 1701 3001 alacritatem.
1718 2963 1733 2996 a
1758 2946 1826 3000 ttae
1840 2943 1922 3001 ethis

217 3051 295 3107 rum,
311 3050 388 3108 quos
400 3040 557 3106 rogaverat
564 3035 749 3108 congregari,
765 3034 928 3100 mandavit,
940 3038 1044 3107 quate·
1060 3087 1083 3148 G
1097 3034 1199 3091 similia
1215 3033 1342 3106 principe
1353 3032 1402 3090 ilio
1422 3038 1535 3101 orante,
1554 3033 1759 3108 unusquisque
1782 3033 1922 3101 militum,

217 3140 275 3180 nus
288 3124 327 3180 ad
335 3123 391 3180 tale
402 3125 740 3197 tantumquenagotium
751 3123 862 3180 viribus
873 3122 1043 3194 totisparati
1097 3122 1282 3196 etpediturn,
1294 3122 1397 3181 divina
1415 3122 1574 3193 instigante
1593 3121 1762 3189 clementia,
1779 3120 1925 3194 petitioni

197 3206 413 3283 invigilarent,
439 3216 468 3268 et
482 3212 576 3268 taliter
594 3213 691 3269 oratio
714 3212 844 3285 inempta
866 3211 1044 3276 discretam
1096 3212 1155 3270 bus
1173 3211 1313 3286 principis
1328 3217 1562 3269 consentaneam
1574 3210 1684 3269 debere
1695 3211 1925 3277 concordiensi

217 3301 351 3372 diligenti
366 3317 439 3358 cura
453 3301 631 3374 alloquitur:
646 3323 660 3355 ι(
670 3300 1045 3371 certissimum,dominiot
1098 3301 1139 3358 sic
1154 3299 1328 3371 singillatim
1343 3299 1421 3356 filios
1435 3316 1506 3356 suos
1516 3300 1723 3373 unusquisqne
1733 3298 1924 3356 bonorumin

217 3387 1042 3463 iratres,agnovimusvosprolibertatevestraaugenda.
1097 3389 1243 3464 principis
1254 3394 1399 3463 potestate
1414 3388 1530 3446 obsidis
1540 3389 1607 3447 loco
1620 3388 1747 3459 largitus
1762 3386 1922 3462 esttegati

218 3479 335 3543 domos,
348 3493 454 3535 uxores
466 3477 604 3553 filiosque
618 3484 742 3546 vestros,
759 3485 786 3536 et
809 3477 1044 3536 universaliora
1099 3478 1200 3552 itaque
1208 3478 1287 3552 regis
1299 3477 1458 3551 aprincipa
1470 3477 1609 3544 reversis
1623 3478 1746 3548 vestigio
1758 3482 1871 3534 cuncta
1883 3477 1921 3533 eis

217 3565 376 3633 dimisisse,
390 3571 419 3623 et
425 3568 516 3624 armis
523 3567 715 3625 solummodo
730 3567 835 3625 vestris
849 3566 988 3639 acceptis,
999 3581 1045 3623 so-
1097 3567 1230 3638 injuncta
1242 3570 1452 3636 narraverunt,
1467 3566 1581 3634 ouibus
1593 3565 1702 3623 auditis
1715 3581 1778 3632 rex,
1793 3565 1921 3623 'oonsilio

218 3654 333 3713 iamdei
342 3655 504 3714 salvatoris
510 3656 744 3715 misericordiam
750 3658 925 3715 invocantes
941 3656 974 3712 in
986 3670 1046 3712 me-
1098 3657 1204 3714 iterato
1214 3655 1469 3729 accepto‚nuntios
1477 3655 1552 3711 alios
1561 3655 1657 3712 eidem
1671 3653 1796 3728 principi
1804 3653 1920 3725 legarit,

220 3745 305 3803 dium
319 3746 504 3803 convenisse.
517 3746 649 3803 Audistis
675 3745 795 3812 etenim,
809 3751 837 3803 et
845 3746 910 3818 laos
924 3747 1045 3802 raritate
1098 3745 1140 3801 ita
1147 3745 1329 3802 continentes
1343 3760 1351 3801 τ
1369 3768 1384 3796 u
1399 3744 1541 3800 Miramur
1553 3742 1640 3801 valde
1669 3758 1761 3816 super
1786 3742 1837 3800 his
1858 3758 1921 3816 qua

221 3835 353 3908 perlecta
365 3834 541 3906 accepimus,
554 3835 761 3909 qualitererga
772 3835 920 3893 civitatem
935 3836 1045 3891 Barea·
1098 3833 1334 3908 princepsnohis
1345 3832 1502 3889 destinarit
1513 3850 1522 3904 ;
1533 3831 1683 3905 praecipue
1695 3846 1765 3888 cum
1779 3830 1848 3903 ejus
1860 3846 1921 3887 sua·

222 3939 285 3981 sem
299 3924 430 3995 gesserit,
447 3924 633 3997 atqnomodo
644 3924 919 3997 talem,tantnmque
932 3923 1045 3981 Grimo·
1099 3923 1232 3980 sionibus
1246 3926 1275 3980 et
1285 3920 1390 3993 legatis
1404 3936 1461 3991 ego
1474 3921 1504 3976 in
1516 3920 1653 3993 partibus
1663 3919 1825 3976 istismodo
1837 3918 1920 3976 adro

221 4011 322 4069 aldum
331 4011 1045 4085 principemabhonorisgloriaturpiterafflictum
1097 4011 1205 4081 nerim,
1218 4010 1362 4084 pollicens
1377 4024 1409 4066 se
1423 4008 1511 4065 nobis
1523 4007 1668 4081 justitiam
1682 4007 1718 4064 de
1729 4007 1919 4081 querimoniis

220 4100 398 4157 exsulaverit
411 4105 591 4158 catenatum,
621 4102 805 4160 Tancredum
829 4118 911 4167 varo,
930 4107 958 4158 et
979 4102 1044 4173 ejus
1098 4101 1207 4158 nostris
1216 4100 1377 4156 iacturum.
1392 4097 1602 4155 Praestolamur
1610 4098 1711 4171 itaque
1720 4097 1786 4168 ejus
1800 4096 1921 4168 promis·

219 4188 1045 4263 probitatemquidmemoremtrcsipsiaudistis,quali·
1099 4190 1209 4254 aiones,
1223 4193 1251 4245 et
1280 4186 1328 4244 die
1347 4187 1507 4243 constituto
1527 4185 1556 4242 in
1581 4184 1743 4243 crastinum
1767 4198 1921 4240 monemus

219 4281 264 4336 ter
275 4278 301 4335 ei
311 4278 441 4336 civitates
452 4294 568 4347 omnes,
592 4286 620 4337 et
631 4279 746 4352 oppida
768 4279 837 4336 dolo
852 4279 975 4335 invento
988 4278 1044 4335 eri·
1098 4276 1183 4334 illum
1197 4274 1391 4346 adjustitiam
1405 4273 1493 4330 nobis
1508 4272 1695 4345 sequendam
1709 4271 1847 4339 3deinde,
1865 4272 1920 4326 rita

220 4365 294 4439 pntt,
309 4369 560 4425 ettransmarinas
570 4373 670 4440 partes
685 4385 754 4425 eum
770 4366 1046 4425 destinavit.Giffre·
1099 4367 1218 4431 comite,
1234 4363 1308 4438 quid
1320 4379 1408 4434 super
1419 4360 1777 4433 hisopussit,iaciandum
1789 4359 1920 4417 tractab's

220 4454 291 4511 dum
301 4457 563 4528 quoqueoomitem
570 4455 609 4513 ad
619 4456 736 4529 qualem
744 4455 935 4513 afflictionem
945 4456 1045 4512 civita-
1061 4445 1085 4504 D
1101 4471 1178 4512 mus.
1192 4475 1206 4503 n
1222 4453 1363 4524 Princeps
1376 4467 1447 4508 vero
1457 4449 1559 4507 eadem
1587 4449 1651 4520 regi
1666 4448 1787 4514 remisit,
1803 4464 1873 4522 quta
1895 4452 1919 4503 et

221 4547 285 4599 tum
299 4559 423 4600 suarum
436 4545 617 4617 perduxerit,
630 4544 782 4602 credimus
797 4550 927 4601 vestram
939 4543 1047 4601 nonla·
1099 4542 1230 4616 primum
1244 4539 1451 4598 mandaverat.
1477 4540 1537 4595 ilex
1556 4543 1656 4595 autem
1676 4536 1822 4609 Rogerius
1849 4535 1919 4591 dicta

221 4635 281 4687 tera
295 4632 475 4704 probitatem
491 4651 498 4690 ε
513 4649 754 4706 omnesnamque
767 4637 901 4707 potentes
916 4634 1004 4701 viros,
1018 4637 1047 4689 et
1100 4629 1243 4704 principis
1261 4634 1290 4686 et
1303 4626 1419 4685 comitis
1430 4625 1568 4692 audiens,
1584 4625 1687 4682 dolore
1702 4624 1797 4681 multo
1817 4638 1917 4681 accen

220 4717 340 4777 illorum
355 4721 476 4779 divitias
488 4728 605 4793 gutture
617 4728 720 4794 aperto
747 4721 907 4791 desiderat,
920 4726 948 4778 et
964 4736 1003 4778 ne
1019 4721 1046 4777 ei
1101 4735 1163 4784 sus,
1179 4723 1207 4775 et
1219 4715 1291 4791 quia
1308 4715 1393 4790 quod
1412 4719 1510 4771 mente
1536 4717 1723 4787 conceperat,
1752 4711 1839 4769 aliter
1865 4710 1921 4768 fieti

220 4810 366 4876 resistant,
384 4811 666 4882 terratenussternit,
683 4817 711 4867 et
723 4810 914 4883 inpulrerem
923 4809 1047 4881 gloriam
1100 4806 1263 4879 cognoscit,
1279 4803 1351 4862 satia
1359 4805 1490 4876 satisque
1511 4802 1645 4859 turbatus
1656 4805 1709 4858 est.

221 4884 339 4955 ill‘orum
352 4898 415 4956 sine
429 4899 528 4973 aliqua
537 4898 879 4972 mannpietatisindueit,
892 4901 950 4955 ileu
962 4898 1047 4965 netas
1136 4897 1176 4954 At
1190 4895 1326 4967 princeps
1340 4892 1479 4949 continuo
1507 4889 1708 4946 crescentium
1728 4887 1922 4951 cardinalem,

221 4986 1046 5060 etmortedignissimnm,sicomniumtrostramgloriarn
1100 4975 1924 5051 Beneventanumrectorem,etlandulphumBeneventa-

223 5074 500 5150 sitrbundopeatore
514 5077 589 5135 velle
603 5092 782 5135 consumere
794 5083 822 5133 et
833 5076 933 5150 gladio
948 5075 1047 5146 evagi-
1101 5089 1174 5130 num
1189 5071 1445 5143 archiepiscopum
1464 5066 1564 5124 vocari
1582 5066 1750 5130 mandarit,
1773 5071 1923 5139 quatenus

221 5167 293 5219 nato
306 5165 370 5221 sine
381 5166 590 5224 misericordias
602 5166 682 5223 fonte
693 5181 749 5223 nos
769 5180 874 5222 omnes
890 5164 928 5220 ad
944 5164 1047 5221 mortis
1100 5152 1921 5234 curnquibusdamsapientibuseiribusBeneventanisad

222 5251 388 5324 periculum
401 5253 566 5312 destinaret
583 5254 734 5313 Succurito
758 5254 860 5326 itaque
879 5253 933 5310 viri
952 5252 1048 5310 tortis·
1101 5264 1201 5321 regem
1215 5248 1314 5320 ipsum
1323 5244 1505 5310 festinarent,
1520 5246 1548 5299 at
1563 5242 1922 5314 nuntioaccepto,assum-

260 5444 320 5517 (to)
333 5446 474 5517 Casuum,
490 5449 572 5520 cujus
584 5464 702 5517 nomen,
716 5448 772 5515 tel,
784 5452 892 5515 auctor,
915 5446 959 5504 tel
986 5443 1119 5504 librarius
1141 5441 1249 5509 omisit,
1278 5437 1442 5496 Alexandro
1458 5435 1548 5493 Telss.
1559 5434 1622 5502 tia,
1635 5449 1666 5503 rr,
1677 5449 1738 5507 cap.
1751 5433 1799 5502 Β,
1814 5433 1918 5496 dicitur,

225 5515 559 5574 mcculionsmd’xaraa.
