3884 6050
192 204 231 263 05
741 190 898 256 RODUbil
916 188 1069 251 mettis
1090 195 1121 255 S.
1140 192 1321 256 tenebitis
1836 196 1887 254 sse

178 328 349 403 Dumqueis
367 326 421 398 qui
436 325 566 397 mimum
580 324 757 395 repudiatur
778 323 889 393 suerat,
903 332 1002 377 soecu-
1020 319 1043 374 Α
1059 320 1158 378 minus
1173 339 1266 397 quam
1281 322 1369 380 uobis
1383 323 1444 379 sint
1456 328 1529 380 uota
1542 321 1612 380 inde
1628 336 1722 381 sacrm
1732 320 1889 395 scripturae

180 421 240 476 lum
253 415 388 488 pecunia
401 414 535 471 attulere!
549 420 576 471 et
587 413 759 485 mpetum
785 411 938 468 introitum
950 421 1003 462 mc·
1058 413 1087 465 et
1100 411 1267 485 apostolica
1282 421 1429 485 precepta.
1442 412 1555 468 Procax
1564 416 1679 468 tantum
1695 411 1886 467 curiosorum

179 499 1006 577 nurit,qutsuouvideutorruutumteicsymoniooperetur
1058 498 1885 575 bominumloquacitastenerasauresvestrasinquietat,

179 596 309 654 eluebat
319 591 356 648 i»
369 592 409 648 a't
419 591 493 664 quio
504 585 1005 660 notueturbouusuitpcrsono,satis
1058 593 1087 644 et
1097 604 1204 647 eorum
1217 589 1342 665 quidem
1356 589 1677 663 hominumquisolont
1686 588 1787 645 videre
1799 587 1889 644 lestu-

178 677 1004 755 nosinquietavittociusomio.Tondemitcrumcouoents
1057 678 1170 737 camin
1187 678 1282 735 alieno
1300 679 1388 736 oculo
1411 677 1565 736 attraham
1576 692 1638 734 nou
1648 675 1836 734 considerare
1851 676 1884 733 in

178 768 467 832 renumerares,
482 766 686 836 respondimus
700 765 734 823 ie
745 760 1005 839 quatenusque
1057 782 1124 831 suo,
1136 772 1165 823 et
1186 767 1312 824 culicem
1327 767 1443 842 liquare
1458 772 1487 823 et
1501 765 1652 824 camelum
1668 764 1783 837 glutire.
1798 764 1884 822 iales

178 851 1005 928 essetcompeteusetjustummeeeououicoriyoricoutra-
1058 854 1155 911 silenti
1164 853 1685 928 irrisionemagissuntpretereundi,
1697 868 1791 927 quam
1806 868 1888 910 ama·

177 951 303 1014 cismai
312 948 365 1019 qui
374 946 456 1003 saort
465 945 762 1018 quempiumsvorum
768 941 908 1001 aretem
918 938 1005 996 vellet
1056 941 1109 999 hili
1123 943 1181 1001 iliis
1198 944 1397 1002 contentionis
1415 943 1484 1002 lune
1496 942 1608 1001 dluuus
1622 941 1771 1000 trahendi.
1782 939 1839 1000 Sed
1849 956 1888 999 ne

177 1037 300 1101 romare,
315 1036 387 1092 dum
400 1034 614 1091 tubaesonus
625 1038 731 1104 posset,
740 1033 772 1089 iu
788 1045 859 1088 usus
874 1028 1004 1101 ejusdem
1059 1032 1235 1090 videremini
1245 1033 1361 1104 gravari
1374 1038 1477 1090 nostro
1491 1047 1615 1106 prorsus
1629 1029 1787 1097 silentiam
1797 1030 1889 1103 quasi

178 1125 315 1185 aeclesia
326 1124 437 1181 deberet
450 1124 595 1193 contem.
611 1121 666 1178 Illi
680 1126 779 1178 eutem
796 1135 803 1174 :
820 1117 1004 1184 «letemin-
1058 1119 1184 1178 inaniter
1198 1137 1294 1195 usquo
1309 1120 1348 1178 ad
1364 1137 1419 1178 nos
1433 1120 1598 1188 cucurisse,
1621 1119 1746 1176 breviori
1758 1117 1886 1175 forsitan

178 1216 378 1287 quinctiani
394 1212 533 1269 instituta
542 1211 683 1275 canobo,
696 1209 899 1282 etquicunque
909 1211 1005 1262 secato
1057 1224 1151 1283 quarn
1169 1209 1281 1266 rolletm
1290 1209 1693 1266 nosabsolvemussermoue
1705 1212 1885 1280 proptereos

178 1301 305 1363 coluerit
316 1299 732 1364 recreatioraticeaterdebeut
741 1300 923 1360 miraremur
931 1308 1007 1364 pete
1058 1298 1233 1371 quiineiyni
1247 1298 1709 1372 sunthacresponsione,nedum
1717 1296 1886 1369 responsio·

176 1391 302 1462 portetis
314 1393 366 1446 aul
373 1388 503 1459 alicujus
511 1388 557 1444 rei
566 1386 681 1444 occasio
694 1386 830 1445 baioarii
842 1380 1003 1448 obstaculo,
1058 1387 1105 1443 nis
1117 1388 1302 1444 auctoritate.
1327 1387 1387 1456 Eia,
1402 1385 1585 1459 pecuniosus
1605 1384 1698 1443 homo
1711 1384 1763 1441 scd
1776 1400 1887 1458 parcus

177 1480 250 1552 quia
260 1493 333 1551 ques
345 1479 420 1534 Dete
436 1476 584 1533 coadunat
594 1481 623 1532 θΐ
646 1479 746 1540 sociat.
771 1474 855 1531 bonit
869 1471 1006 1528 omnibus
1058 1478 1087 1532 et
1101 1490 1211 1532 avarus
1223 1473 1887 1533 rultvobisilliumsuumintruderosineomui

76 1560 82 1569 '
178 1567 307 1638 reptaret
319 1566 450 1623 saciet.»
465 1564 539 1622 Huc
553 1569 580 1622 et
593 1564 686 1634 pluro
706 1566 901 1633 opponuntur
920 1558 1005 1616 nobis
1021 1580 1044 1636 Β
1058 1562 1245 1621 oblationum
1255 1579 1374 1634 genere,
1387 1563 1516 1637 pallians
1526 1561 1642 1619 idolum
1656 1578 1718 1619 suae
1733 1561 1885 1635 parcitatis

178 1656 318 1727 aliaeue
327 1654 427 1710 omnio
439 1668 523 1725 aquo
534 1645 1006 1720 ueremineopyeeasreetquoli-
1057 1657 1087 1709 et
1096 1652 1234 1710 avariciae
1249 1651 1326 1709 laisa
1350 1653 1466 1709 virtutis
1482 1651 1593 1725 specie,
1608 1650 1769 1708 scilicetne
1782 1651 1813 1707 in
1828 1665 1885 1707 sua

57 1754 61 1763 '
179 1751 224 1803 Ut*
238 1735 1006 1813 calumpnittiortbtttordt'nt'tnostrirttlt'ottttbt'lt‘ierti
1057 1740 1355 1798 oblationayideatur
1380 1739 1552 1812 symoniam
1571 1739 1679 1799 facore,
1704 1739 1882 1813 Eripiatyos

178 1832 319 1889 erronee
328 1830 479 1895 obviem
493 1830 585 1900 plane
594 1834 622 1885 el
636 1825 800 1884 luculenter
811 1823 1002 1887 rescribite&
1058 1831 1135 1886 Deus
1147 1828 1187 1887 ab
1206 1829 1328 1887 homine
1342 1828 1446 1903 iniquo
1460 1834 1489 1886 et
1509 1827 1630 1885 dolosol
1646 1827 1732 1886 biiser
1746 1832 1774 1884 et
1788 1826 1884 1885 avari·

177 1920 318 1992 quomodo
332 1919 365 1974 in
373 1918 427 1975 tce
437 1916 648 1974 reclamatione
655 1921 847 1985 nosoportem
859 1913 1003 1984 inoffenso
1056 1919 1103 1975 aia
1117 1923 1284 1975 exsiccatus
1309 1933 1371 1975 non
1385 1918 1474 1985 videt,
1496 1917 1579 1991 quia,
1594 1917 1668 1974 dom
1691 1915 1832 1974 mentitur
1851 1931 1883 1972 so

173 2008 246 2079 pere
259 2013 345 2074 storo,
361 2002 665 2079 enucleateouicquiei
676 2003 831 2074 superbae
841 2016 875 2059 re
888 2017 906 2056 u
920 2000 1004 2058 vobis
1054 2006 1131 2063 veile
1143 2006 1237 2063 vitare
1248 2005 1432 2079 symoniam,
1447 2021 1542 2079 quam
1557 2006 1687 2076 graviter
1697 2003 1811 2062 incidat
1828 2021 1884 2078 per

174 2096 268 2166 luerit
282 2088 1004 2167 diffinitvmstt'catudnospertetwbitinwttvtll·
1055 2093 1614 2169 cultumsueeparcitatisetavariciaein
1626 2092 1883 2159 idolatriam,uam

174 2186 311 2256 mersi
319 2184 356 2240 ab
367 2182 529 2253 apostolice
538 2181 606 2239 serto
614 2181 712 2252 suerit
725 2181 946 2250 confirmatum.
1055 2183 1185 2240 araneis
1194 2182 1345 2240 idolorum
1354 2189 1398 2240 est
1410 2181 1528 2240 cultura
1539 2198 1653 2256 meque
1665 2182 1724 2239 hoc
1735 2181 1885 2239 vultvide·

369 2271 596 2341 Prasotiuneuta
607 2270 639 2326 iu
653 2268 807 2339 rescripto.
1054 2287 1086 2328 re
1098 2277 1247 2344 quantum
1260 2272 1459 2345 prejudicium
1473 2276 1503 2329 et
1516 2271 1722 2344 calumpniam
1734 2269 1806 2327 velit
1822 2273 1881 2328 beo

210 2359 367 2435 Sequentia
377 2358 517 2432 opusculi
525 2356 647 2416 intentio
656 2355 864 2414 iilucmaxime
871 2352 1000 2427 respicit,
1054 2358 1188 2417 iacereet
1200 2360 1352 2423 aecclesia.
1366 2361 1407 2418 ad
1424 2376 1518 2433 quam
1532 2360 1627 2417 lilium
1642 2375 1731 2416 suum
1746 2358 1810 2417 vult
1823 2363 1881 2417 tra·

174 2456 207 2509 ut
217 2449 300 2506 dives
312 2448 375 2514 iste,
389 2448 427 2505 de
440 2462 502 2521 quo
515 2462 614 2504 sermo
624 2444 794 2511 habebitur,
804 2445 835 2501 iu
850 2442 1002 2501 mediore·
1055 2448 1136 2505 dore.
1153 2452 1226 2506 Nam
1241 2448 1340 2524 portio
1354 2447 1415 2516 illa,
1424 2465 1493 2523 ques
1499 2448 1627 2506 debebat
1638 2447 1699 2506 tilio
1709 2447 1880 2519 contingere

175 2539 263 2596 aedat
276 2555 295 2594 a
305 2538 512 2610 pareitaleeua
526 2531 1000 2607 elavarieiapropteridolatriam.
1055 2537 1086 2594 in
1099 2537 1219 2603 saeculo,
1228 2538 1295 2609 jure
1311 2538 1361 2594 Dei
1375 2537 1567 2595 ethominum
1581 2536 1777 2594 daberetaum
1794 2537 1880 2610 sequi

176 2628 206 2686 Si
216 2627 311 2684 fllium
328 2642 417 2682 suum
434 2624 497 2681 vult
506 2624 609 2697 recipi,
622 2624 750 2681 dimittat
762 2638 831 2679 aum
845 2621 883 2679 ad
898 2619 1002 2677 aeccle·
1056 2626 1095 2683 ad
1109 2626 1289 2694 aeclesiam,
1303 2626 1440 2701 adquam
1450 2641 1521 2684 eum
1535 2624 1599 2703 suit
1612 2625 1729 2683 tradere
1744 2625 1881 2682 Deo.Exi·

177 2717 253 2774 siam
269 2715 355 2788 sequi
384 2730 452 2788 qua·
467 2712 505 2769 de
520 2729 575 2771 sua
598 2710 768 2770 substantia
790 2711 938 2768 debentur
951 2709 1001 2782 oi;
1017 2712 1038 2770 C
1056 2720 1237 2787 gersaulam
1252 2721 1282 2771 ct
1295 2715 1370 2771 veile
1380 2713 1493 2772 habere
1501 2714 1584 2788 quod
1590 2715 1705 2785 justum
1718 2719 1877 2786 estsymo·

173 2794 387 2863 moclesiavero
400 2806 504 2860 caveat
516 2802 574 2858 sibi
585 2802 622 2858 de
636 2800 721 2857 omni
735 2814 835 2857 rerum
845 2799 910 2872 ejus
920 2798 1002 2855 mala
1055 2804 1106 2861 nia
1123 2803 1208 2861 nulla
1228 2808 1283 2873 ost,
1310 2802 1409 2874 magis
1424 2817 1495 2859 vero
1520 2803 1626 2876 rapina
1644 2808 1689 2859 est
1702 2806 1732 2860 et
1746 2801 1877 2860 avaricia

174 2892 419 2966 concupiscentia
433 2888 824 2965 proptersymouiam‚quse
841 2886 1002 2944 vendentes
1055 2891 1180 2949 rotinere
1194 2891 1277 2966 quod
1289 2891 1367 2963 justo
1377 2891 1485 2949 debeat
1495 2891 1578 2949 dara.

173 2988 204 3042 et
219 2986 353 3040 ementes
368 2980 449 3054 ejicit
467 2985 551 3037 extra
565 2977 742 3036 eccesiam.
757 2977 823 3035 Sive
836 2978 939 3034 veniat
951 2991 1002 3034 va·
1091 2979 1163 3038 Dicit
1173 2979 1279 3037 beatus
1295 2979 1480 3053 Augustinus
1492 2978 1764 3038 iniibrodedeoam
1778 2979 1881 3038 cordis

173 3088 250 3130 cuus
266 3071 327 3128 siva
340 3068 443 3143 plenus
455 3066 682 3131 divitisfilius,si
695 3066 830 3123 vulteum
839 3066 1001 3138 suspicere,
1056 3067 1146 3140 (lbb):
1155 3090 1169 3120 a
1178 3067 1879 3143 Nolisubimagiuepietatisaugcrepecuniam.»

173 3159 328 3234 suscipiat,
348 3158 443 3215 sinon
457 3156 531 3223 vult,
541 3155 681 3220 dimittat,
694 3155 786 3210 insuo
796 3153 918 3210 arbitrio
931 3157 999 3211 stat.
1055 3160 1089 3215 at
1103 3173 1165 3214 non
1176 3156 1270 3215 multo
1283 3163 1370 3231 post:
1387 3157 1589 3215 «sentiuntur
1599 3156 1880 3231 quidembomines,

172 3247 346 3306 probabitur
359 3261 431 3303 voro
458 3244 541 3301 diviti
565 3247 594 3300 et
606 3242 769 3299 rationibus
783 3245 812 3299 et
822 3242 1002 3299 auctoritati·
1054 3244 1187 3303 malaest
1200 3246 1330 3303 avaricia
1348 3245 1530 3320 ;palliaeese
1542 3245 1775 3304 voluutnomine
1787 3245 1881 3319 pieta·

172 3338 231 3396 bus
238 3332 466 3408 veridicis.quod
475 3348 545 3407 pars
553 3330 728 3389 substantia
740 3345 814 3398 sum,
830 3345 899 3404 qua
910 3329 1002 3388 debe·
1053 3336 1092 3392 tis
1105 3333 1421 3408 creausus-autquasi
1433 3339 1555 3408 propter
1563 3334 1641 3391 filios
1650 3334 1807 3392 videantur
1819 3349 1882 3391 ser·

173 3423 289 3484 retiilio
301 3439 357 3480 suo
371 3423 401 3479 iu
413 3417 804 3494 seculoprovenire,dsbeat
817 3419 934 3477 eumad
944 3435 1002 3477 ree-
1053 3438 1124 3481 vare
1138 3422 1276 3480 homines
1300 3447 1308 3491 ς
1332 3422 1417 3496 quod
1430 3428 1556 3496 proptor
1569 3423 1732 3481 astuciam
1748 3429 1879 3481 servam.

171 3513 297 3572 closiam
312 3511 360 3569 cui
370 3509 494 3568 offertur
505 3508 589 3582 sequi
602 3507 681 3580 juste
695 3511 725 3565 et
739 3507 787 3581 pie
801 3508 851 3564 ⁸⁸⁸.
1054 3514 1128 3570 Nam
1135 3516 1167 3568 ut
1173 3511 1401 3585 noveritisque
1409 3512 1451 3568 sic
1460 3511 1638 3586 plerumque
1647 3510 1882 3584 contingitdici·

508 3639 515 3651 .
571 3599 608 3654 11.
1054 3605 1102 3658 tur
1127 3600 1165 3658 de
1192 3602 1325 3674 quodam
1347 3618 1354 3657 :
1373 3602 1470 3668 Quare
1489 3598 1636 3659 nonlaeit
1657 3600 1882 3660 elemosinam?

172 3696 347 3750 summersa
370 3704 485 3747 aoousrs
498 3701 612 3743 saeuus
628 3702 667 3743 sn
686 3700 837 3743 miscuata
856 3675 959 3742 urssia
975 3702 1003 3743 ιι
1055 3689 1131 3756 Quia
1145 3694 1244 3747 servat
1255 3688 1323 3745 tiliis
1338 3689 1410 3746 suis.
1437 3688 1563 3760 contige
1580 3693 1613 3745 ut
1627 3688 1739 3746 amittat
1760 3704 1879 3763 unum;

316 3795 350 3836 oa
364 3791 603 3836 coeaoarosauerr
615 3773 857 3831 emrraaou1s⁸⁸⁸.
1055 3779 1081 3835 si
1096 3782 1217 3850 propter
1229 3777 1307 3834 filios
1322 3776 1470 3842 servabat,
1484 3777 1582 3834 mittat
1593 3776 1752 3850 pontillum
1767 3783 1881 3851 partem

208 3883 359 3933 neruosus,
372 3866 468 3939 mutia
482 3864 533 3921 Dei
547 3863 704 3936 sanctique
715 3861 862 3919 undonis
875 3862 906 3918 id
918 3863 1002 3936 quod
1055 3882 1152 3924 suem.
1167 3867 1263 3932 Quare
1278 3865 1362 3923 illam
1380 3870 1458 3922 tenet
1475 3866 1506 3922 in
1519 3864 1642 3923 sacculo
1654 3865 1778 3923 stillum
1792 3867 1882 3923 relin-

176 3963 233 4025 est,
245 3956 436 4015 dilectissimo
451 3952 543 4011 michi
556 3952 710 4026 quondam
736 3949 807 4017 lilio,
826 3952 917 4008 modo
929 3967 1001 4009 vero
1054 3954 1120 4028 quit
1131 3952 1171 4010 ab
1184 3955 1286 4010 animo
1300 3952 1315 4010 i
1329 3953 1426 4011 Redde
1441 3952 1483 4010 illi
1494 3953 1577 4026 quod
1603 3969 1694 4010 suum
1717 3958 1772 4021 ast,
1787 3953 1882 4013 reddo

175 4046 259 4105 tratri
270 4044 431 4102 karissimo
445 4057 571 4106 sraearo,
587 4039 678 4113 priori
692 4040 723 4096 in
738 4040 833 4097 saneti
846 4040 999 4098 Pantaleo-
1017 4058 1040 4114 p
1054 4042 1138 4116 quod
1152 4042 1351 4100 illiservabas.
1364 4043 1501 4100 Mortuus
1514 4049 1565 4110 est,
1578 4042 1883 4117 inquitsedpreces-

173 4137 222 4193 nis
234 4132 382 4199 cenobio,
394 4130 720 4189 cumomnibussecum
735 4127 1000 4196 morantibustam
1054 4132 1092 4189 sit
1102 4131 1141 4188 ud
1154 4134 1256 4201 boum,
1272 4147 1342 4205 pars
1357 4131 1452 4204 ipsius
1464 4131 1649 4204 pauperibus
1675 4132 1762 4190 detur
1774 4133 1822 4189 ⁸⁸⁸.
1837 4132 1883 4192 Illi

175 4224 307 4282 dominis
319 4222 428 4279 nostris
440 4235 531 4294 quam
541 4217 692 4283 iratribus,
704 4219 733 4273 in
748 4217 1000 4277 omnidovotione
1054 4220 1178 4277 debetur
1187 4220 1227 4277 ed
1238 4235 1331 4293 quem
1346 4219 1602 4293 perrexit,cbristo
1615 4220 1795 4287 debetur,ad
1810 4237 1882 4280 eum

173 4319 203 4371 et
215 4313 348 4372 oratioue
360 4311 488 4368 salutem
503 4308 675 4366 animarum
688 4310 719 4363 et
731 4307 874 4380 eorporis.
1053 4309 1134 4366 euim
1149 4309 1287 4381 perrexit.
1301 4308 1335 4364 Et
1348 4308 1410 4380 ipse
1422 4308 1515 4365 dixit:
1543 4308 1601 4375 Qui
1618 4309 1671 4366 uni
1685 4325 1723 4365 ex
1744 4310 1880 4367 minimis

208 4401 645 4472 Nuntiumvestrumtanquam
654 4394 794 4468 angelum
804 4395 920 4453 Domini
926 4396 1001 4454 ridi·
1053 4396 1119 4454 istis
1132 4395 1211 4464 lecit,
1227 4395 1318 4453 michi
1332 4395 1412 4466 lecit,
1428 4403 1456 4454 et
1473 4398 1526 4471 qui
1551 4398 1603 4455 uui
1615 4412 1652 4455 ex
1665 4397 1799 4455 minimis
1813 4399 1880 4456 istis

173 4507 255 4560 mus,
268 4490 381 4548 litteras
394 4493 510 4545 rostras
522 4487 610 4560 quasi
625 4499 744 4542 sacram
763 4484 905 4556 paginam
919 4499 1001 4542 reve-
1052 4502 1114 4545 non
1129 4483 1301 4550 lecit‚miehi
1315 4500 1377 4542 non
1397 4484 1479 4557 iecit(
1493 4486 1604 4544 Morte.
1619 4502 1688 4553 xxv,
1704 4488 1758 4557 io).
1771 4507 1786 4538 s
1803 4488 1880 4545 con-

172 4584 273 4639 renter
289 4575 574 4649 legimus,dolentes
587 4572 672 4647 quod
686 4572 874 4630 inlitteriset
887 4573 1000 4632 nuntiis
1053 4575 1219 4633 sideramus
1233 4573 1260 4630 si
1273 4574 1329 4631 ista
1337 4574 1484 4632 mutantia
1495 4573 1575 4632 beati
1587 4575 1746 4646 Augustini
1770 4590 1880 4634 conre-

172 4666 280 4725 vestris
293 4680 349 4722 vos
362 4679 431 4721 raro
446 4662 588 4720 audimus
600 4666 626 4718 et
646 4660 792 4729 videmus.
810 4661 851 4716 De
868 4676 900 4717 re
914 4678 997 4733 ergo,
1052 4662 1266 4735 nienterpossit
1278 4663 1649 4736 nostropecuniosoavaro
1662 4663 1880 4737 aperirentu-

172 4752 553 4832 proquahumiiitasvestra
559 4748 733 4823 parvitatem
739 4751 869 4806 nostram
875 4748 999 4821 dignata
1052 4769 1084 4811 ro
1099 4770 1130 4811 ae
1142 4751 1204 4808 vult
1215 4751 1334 4809 nomino
1348 4752 1466 4824 pietatis
1480 4757 1508 4809 et
1516 4751 1704 4819 dealbarunt
1717 4751 1807 4825 quasi
1813 4768 1880 4825 pro-

174 4849 219 4904 ost
228 4843 390 4910 consulere,
404 4856 496 4915 propa
508 4836 696 4897 ascribendo
710 4851 833 4894 manum
845 4838 999 4897 subtraxe·
1053 4845 1118 4916 pter
1132 4841 1303 4915 symoniam
1313 4840 1385 4907 sive,
1399 4845 1432 4898 ut
1445 4840 1487 4897 ibi
1508 4839 1647 4906 habetur,
1667 4846 1790 4914 propter
1801 4840 1878 4899 filios

171 4950 286 5005 ramus,
301 4948 371 4990 cum
386 4929 518 4989 nemosit
531 4926 658 5002 quiinde
672 4940 727 4983 vos
738 4930 878 4998 provocet
893 4927 932 4985 ad
947 4944 999 4986 au·
1052 4931 1189 4988 rideatur
1200 4944 1318 4986 servare
1332 4928 1416 5003 quod
1429 4930 1722 5002 proptererarioism
1736 4929 1878 4987 servatSi

175 5021 321 5081 dicabam
332 5018 447 5094 estqui
461 5017 557 5077 trahat
570 5012 779 5088 adjudicium,
797 5018 826 5072 st
838 5015 923 5073 vobis
938 5033 998 5076 non
1053 5019 1115 5077 vult
1126 5018 1220 5077 vitare
1234 5018 1406 5092 symoniam
1420 5020 1450 5075 et
1463 5031 1572 5075 exuero
1597 5017 1771 5084 avariciam,
1787 5016 1880 5078 iaciat

852 5142 971 5201 VARIAE
990 5144 1195 5205 LECTIONES.

206 5270 246 5311 ”⁸
255 5267 377 5345 explicit
389 5267 476 5328 odda
487 5266 521 5325 Γ.
535 5266 574 5306 ⁸⁸⁵
585 5265 623 5325 de
637 5281 664 5323 o.
680 5281 705 5322 s.
721 5247 873 5324 e'eoonr
888 5268 923 5326 i'.
937 5268 975 5307 ⁸⁸⁸
989 5269 1116 5330 debetur
1124 5270 1201 5342 Aue.

963 5392 1081 5455 NOTAE.

207 5513 282 5611 titt)
298 5519 402 5579 Sermo
416 5520 443 5588 t,
454 5516 493 5577 de
507 5515 613 5576 decem
626 5511 758 5582 chordis,
772 5527 798 5572 e.
810 5517 855 5574 2⁰.
871 5516 921 5587 ed,
935 5516 1038 5579 venet
1054 5520 1088 5592 V,
1102 5520 1147 5577 tt.
