3884 6050
189 206 266 266 root
896 190 1005 254 PETRI
1025 190 1175 254 blanditi
1810 195 1887 254 tuot

184 353 245 411 qua
259 349 321 393 non
349 346 436 406 aqua
461 327 575 388 ordinis
601 328 687 387 lance
709 325 870 400 protulero,
890 322 1010 381 avobis
1027 324 1198 397 Aeumqne
1218 325 1300 384 unda
1319 326 1384 400 jam
1409 323 1530 397 longius
1553 324 1652 383 trabit.
1678 327 1735 383 llas
1751 323 1830 382 mira
1844 324 1852 381 l
1866 330 1894 382 et

185 423 392 485 emendentur.
405 424 480 479 Nam
495 419 673 492 vigesimum
685 418 804 474 tertium
813 415 1011 486 atatisageue
1067 417 1136 484 poet
1148 416 1265 471 Petrum
1280 413 1448 488 apostolum
1463 414 1606 473 omnihus
1620 419 1697 473 retro
1711 414 1830 473 seculis
1846 414 1893 471 in·

185 528 310 580 annum,
325 508 519 584 discipulum,
532 522 593 565 nou
606 505 783 580 magistrum
796 520 860 561 esse
874 501 1010 561 decebat.
1067 501 1168 559 audita
1189 503 1196 558 t
1212 503 1419 562 Benedictione
1434 503 1583 577 postulata
1595 508 1624 562 et
1649 508 1785 577 accepte,
1800 503 1894 560 Patris

186 601 311 677 superni
325 597 503 672 igiturregis
517 595 683 654 munimine
695 593 796 664 tultus,
820 592 896 651 muti
919 591 1012 666 patris
1066 589 1105 647 ad
1118 591 1273 664 imperium
1282 593 1398 651 concite
1412 596 1527 651 Baurus
1539 592 1677 666 perrexit,
1688 598 1777 667 etque
1791 595 1831 650 ad
1852 592 1894 650 lo

184 693 277 751 vitem
300 688 428 747 scribere
441 686 551 745 ordiar.
1066 694 1136 737 cum
1151 697 1213 755 quo
1223 688 1346 740 sanctus
1361 681 1401 740 ab
1410 680 1894 756 undaPlacidustrabebatnr,per

294 779 374 836 tlte
400 778 443 834 BT
468 774 595 834 OBlTUS
618 773 745 832 SthTl
770 770 906 830 PLdClBI
1065 771 1175 827 terram
1189 786 1221 828 se
1231 771 1273 828 ire
1287 770 1472 838 existimans,
1483 770 1893 845 superundasrapidissimas

505 864 692 921 BABTlBtS.
1066 859 1205 925 cucurrit.
1220 858 1432 933 Placidnmque
1446 859 1569 917 beatum
1585 858 1771 933 percapilloa
1785 860 1892 931 tenuit,

221 963 382 1035 Postquam
396 953 507 1013 summi
519 955 596 1025 regis
609 951 750 1009 divinitas
764 949 840 1009 lucie
854 965 915 1007 sure
926 946 1011 1006 radio
1064 946 1229 1021 rapidoque
1241 965 1330 1006 cursu
1342 948 1438 1006 rediit.
1448 950 1595 1006 Reversus
1605 952 1706 1006 summ
1716 949 1755 1006 ad
1764 951 1891 1013 Patrem,

185 1048 335 1107 idolorum
348 1034 888 1111 tenebraspepulitacprocutiugevit.
900 1032 1011 1090 mullo⁸
1065 1050 1130 1092 rem
1144 1041 1260 1106 gestam
1274 1039 1304 1094 in
1320 1054 1351 1095 ee
1366 1053 1419 1111 per
1431 1037 1567 1095 ordinem
1580 1037 1694 1112 pandit
1718 1037 1806 1094 Pater
1820 1052 1893 1095 vero

184 1122 1012 1213 perorbemBooleeioesuadonevitviros,quicensidera
1066 1124 1275 1183 sanctissimus
1289 1127 1464 1188 Benedictus
1484 1126 1542 1183 hou
1553 1125 1686 1184 nonanis
1700 1126 1823 1195 meritis,
1839 1125 1893 1182 sed

185 1226 304 1289 omium,
318 1223 359 1280 ita
373 1227 403 1276 et
427 1218 457 1275 hi
472 1218 537 1290 ejus
552 1215 712 1273 Ecclesiam
732 1214 793 1270 vito
807 1228 843 1269 ec
859 1210 1011 1269 miraculis
1065 1213 1158 1270 llauri
1172 1215 1262 1288 coepit
1275 1215 1417 1290 deputare
1428 1216 1612 1274 obedientia.
1624 1218 1892 1275 licentrassaurns

185 1314 376 1374 adornarent.
388 1311 428 1364 Bx
441 1320 571 1380 quorum
584 1304 719 1361 renitenti
727 1302 863 1374 collegio,
876 1305 1012 1372 tempore
1039 1332 1043 1339 »
1065 1317 1121 1376 pro
1136 1302 1201 1360 solo
1214 1303 1339 1378 imperio
1354 1304 1505 1363 Benedicti
1517 1303 1628 1363 iactum
1652 1305 1782 1370 dicebat,
1799 1320 1893 1379 seque

184 1397 428 1462 lustiuieenioris,
436 1391 688 1467 solssplendidius
699 1389 802 1448 claruit
810 1388 1010 1462 (Benedictus)
1065 1392 1219 1449 conscium
1235 1393 1265 1450 in
1279 1392 1331 1451 illa
1350 1394 1455 1451 virtute
1469 1409 1530 1451 uon
1552 1410 1628 1462 esee,
1642 1410 1736 1468 quem
1755 1394 1892 1453 nemiens

185 1492 273 1565 enjus
286 1487 383 1546 Vitem
396 1482 533 1542 Ecclesiae
548 1480 598 1538 Bai
611 1480 766 1554 speculum
779 1484 809 1536 et
821 1478 1013 1547 doctoregre-
1066 1479 1190 1538 iecisset.
1209 1481 1266 1538 Sed
1279 1482 1310 1538 in
1326 1482 1383 1540 bac
1396 1481 1572 1540 humilitatis
1587 1489 1700 1540 mutuas
1714 1482 1893 1541 amicacon·

185 1579 365 1654 giusbeatus
375 1572 532 1644 Gregorius
540 1568 812 1643 stylodeprompsit
820 1567 1009 1623 suavissimo.
1065 1568 1196 1627 tentione
1209 1570 1334 1627 accessit
1360 1570 1469 1629 arbiter
1492 1574 1614 1629 sanctus
1637 1571 1690 1645 qui
1717 1577 1836 1645 ereptus
1849 1574 1892 1628 est

185 1669 243 1729 Sed
254 1666 382 1742 qualiter
405 1663 486 1721 idem
510 1666 595 1734 pater
607 1658 813 1717 sanctissimus
828 1654 1011 1729 periectioris
1025 1687 1050 1747 B
1066 1656 1203 1714 Placidus
1217 1672 1301 1730 puer.
1319 1659 1441 1717 Dicebat
1454 1660 1535 1717 enim
1549 1680 1556 1721 :
1570 1682 1585 1712 e
1602 1660 1664 1731 Bgo
1675 1675 1746 1717 cum
1760 1675 1799 1716 ex
1812 1674 1892 1733 aque

184 1758 254 1817 vitta
266 1768 405 1815 normam
418 1749 549 1823 arripuit,
559 1763 595 1807 ac
605 1746 820 1806 monasterinm
830 1742 1011 1802 Sublacense
1065 1745 1205 1816 traherer,
1226 1763 1316 1819 super
1335 1753 1423 1823 caput
1446 1763 1547 1806 meum
1563 1747 1680 1807 abbatis
1696 1748 1839 1806 melotem
1853 1748 1892 1804 vi

184 1844 329 1912 condidit,
343 1840 472 1916 qualiter
486 1838 675 1896 beatissimus
690 1835 827 1893 Placidus
834 1834 875 1892 ad
887 1849 1011 1891 curave·
1064 1834 1187 1903 dabam,
1206 1836 1368 1911 ipsumque
1391 1853 1439 1895 me
1453 1853 1491 1895 ex
1503 1838 1590 1912 aquis
1614 1837 1739 1897 educere
1755 1837 1891 1896 conside·

183 1938 271 2003 uerit,
283 1931 330 1991 vel
344 1927 650 2006 quoordineloooqne
662 1922 825 1992 recesserit,
836 1923 1012 1981 coenobium·
1063 1923 1182 1983 rabam.
1201 1946 1217 1977 s

183 2025 286 2100 quain
305 2020 448 2079 Varronis
461 2015 673 2090 antiquissima
693 2013 797 2071 ecbola
809 2012 1010 2079 aedificaverit,
1102 2015 1208 2072 Comes
1231 2013 1391 2074 etiemiuit
1403 2014 1562 2073 Benedicto
1575 2015 1655 2075 Patri
1677 2015 1816 2074 Placidus
1827 2030 1893 2073 ean·

182 2115 215 2174 in
227 2109 386 2188 propatulo
400 2106 618 2166 declarandum
632 2109 686 2161 est.
711 2103 762 2160 llic
776 2102 863 2174 igitur
877 2101 949 2159 dum
968 2117 1013 2161 re·
1065 2106 1140 2169 ctus,
1157 2118 1226 2159 cum
1242 2110 1328 2160 nocte
1347 2105 1482 2177 quadam
1498 2121 1569 2163 cum
1589 2120 1626 2163 eo
1651 2105 1763 2163 montis
1785 2119 1892 2178 rupem

182 2202 260 2261 lictis
274 2194 613 2269 saculistrophispetere
624 2191 743 2249 deserte
755 2190 944 2260 &crevisset
957 2194 1013 2250 Bo·
1066 2191 1181 2249 aridam
1197 2192 1415 2250 ascendlt1ubi
1435 2193 1570 2252 oratione
1593 2194 1682 2263 lecta,
1704 2194 1785 2252 idem
1810 2193 1895 2251 Pater

182 2305 294 2351 manue
309 2303 379 2345 eum
395 2291 479 2359 pater
489 2280 696 2340 sanctissimus
709 2279 827 2352 reperit,
840 2294 898 2352 quo
913 2280 1013 2336 tende·
1065 2278 1239 2338 Benedictus
1256 2285 1314 2337 tres
1325 2287 1423 2355 petras
1436 2297 1490 2355 pro
1515 2282 1603 2354 signo
1628 2282 1840 2357 poenitetque
1856 2281 1895 2337 ad

181 2385 227 2440 ret
239 2375 412 2453 requisivit:
423 2373 510 2445 culus
529 2387 600 2428 cum
612 2368 791 2427 desiderium
806 2368 1011 2441 comperisset,
1065 2385 1153 2426 suum
1169 2370 1386 2427 monasterium
1401 2387 1543 2428 unacum
1557 2372 1687 2442 Placido,
1706 2373 1823 2430 cunctis
1836 2370 1895 2429 illis

182 2475 212 2528 et
224 2472 371 2527 secretum
385 2463 488 2528 tenuit,
503 2458 728 2531 aladiatorium
744 2457 901 2532 impendit,
927 2458 1012 2533 eique
1065 2457 1274 2525 nescientibus,
1286 2459 1380 2516 rediit.
1389 2461 1524 2533 Cumque
1536 2460 1585 2517 dic
1597 2459 1689 2519 altero
1698 2476 1753 2535 pro
1763 2458 1896 2517 necessi·

183 2548 683 2617 sanctaconversetionisbebitum
694 2547 825 2613 tradidit,
836 2553 865 2603 et
876 2547 906 2604 in
916 2563 1012 2620 quan·
1065 2551 1126 2605 tate
1137 2562 1225 2621 aqua
1238 2546 1354 2616 iratres,
1370 2550 1423 2623 qui
1441 2549 1474 2606 in
1493 2549 1543 2606 illa
1557 2565 1632 2624 rupe
1645 2548 1836 2618 babitabant,
1853 2548 1896 2605 ad

182 2651 247 2707 tum
267 2643 352 2703 licuit
378 2636 739 2711 ministravit2tribusque
761 2635 861 2703 annis,
885 2641 1011 2710 excepto
1065 2652 1136 2694 eum
1149 2635 1309 2703 venissent,
1320 2636 1393 2695 dixit
1407 2640 1538 2696 Patent«
1555 2639 1747 2711 lteetrupem
1763 2637 1849 2696 iliam
1863 2638 1893 2694 in

181 2739 318 2797 Bomano
330 2730 490 2798 monacho,
501 2726 674 2786 bominibus
697 2727 866 2797 incognitus
882 2726 1007 2785 mansit.
1064 2730 1193 2799 quatres
1214 2726 1444 2799 superinvicem
1468 2732 1564 2800 petras
1588 2728 1766 2795 inveneritis,
1780 2726 1812 2783 in
1829 2742 1895 2784 mo-

181 2826 255 2884 cum
269 2838 339 2881 vero
351 2825 529 2879 cunctorum
540 2816 639 2892 opilex
653 2817 728 2873 Beue
742 2814 935 2873 Benedictum
954 2817 1011 2872 Pe·
1064 2813 1131 2872 dico
1145 2819 1259 2872 cavate.
1273 2836 1285 2866 ι
1298 2815 1355 2881 oui
1364 2821 1468 2873 euntes
1476 2832 1582 2891 rupem
1591 2817 1700 2874 montis
1708 2814 1894 2889 jamsuden·

181 2921 256 2974 trem
271 2910 448 2972 mortalibus
461 2906 614 2966 declarare
628 2906 800 2972 censuisset,
816 2904 901 2962 multi
920 2904 959 2962 ab
974 2920 1010 2962 eo
1064 2906 1125 2959 um
1144 2901 1474 2978 invenerunt30umque
1488 2905 1518 2961 in
1543 2920 1579 2962 ea
1601 2921 1767 2963 concavum
1789 2904 1894 2962 locum

180 3003 212 3063 in
226 3002 333 3062 eadem
346 2999 467 3072 regione
479 2997 515 3055 ad
530 2994 581 3054 Bei
594 2997 664 3052 sunt
670 2993 824 3052 servitium
837 2993 1009 3060 coadunati,
1064 2990 1203 3049 iecissent
1214 2991 1312 3050 statim
1327 3008 1409 3067 aque
1422 2991 1550 3067 repletus
1559 2999 1615 3063 est,
1624 3010 1693 3069 quae
1702 3010 1785 3053 nunc
1798 3008 1894 3069 usqm

179 3094 221 3152 ita
244 3097 277 3149 ut
301 3089 361 3147 illic
375 3086 536 3146 duodecim
553 3083 734 3141 monasteria
759 3088 945 3140 construeret
958 3101 965 3151 ;
978 3048 1048 3138 inc
1064 3081 1894 3158 ubertimdessuit,atqueubillomontiscecumineusque

178 3181 291 3255 quibus
305 3176 473 3235 substitutis
486 3171 656 3247 prepositis
670 3170 826 3228 duodenos
840 3172 1008 3228 monachos
1064 3171 1105 3230 ad
1118 3171 1257 3229 interiora
1267 3171 1428 3230 descendit.
1444 3176 1537 3231 Nemo
1560 3189 1631 3248 ergo
1647 3173 1764 3231 dubitet
1782 3174 1895 3231 beatis·

180 3260 605 3343 deputavitznonnullosvero
618 3275 722 3317 secum
732 3258 862 3330 retinuit,
873 3276 950 3334 quos
961 3259 1012 3317 ad.
1065 3261 1175 3319 simum
1188 3261 1342 3319 Placidum
1356 3262 1430 3320 tenti
1441 3261 1575 3320 miraculi
1583 3263 1760 3336 participem
1775 3279 1895 3324 nonu-

180 3359 242 3418 buo
255 3356 286 3413 in
301 3370 357 3412 sue
375 3350 531 3427 praesentia
543 3349 642 3423 aptius
657 3346 766 3405 erudiri
777 3348 932 3421 judicavit.
948 3353 1010 3410 Coe·
1064 3350 1895 3427 stitisse,quembeatissimusmagistereunesolumbnjns

181 3449 290 3522 parunt
306 3443 396 3500 etiam
422 3445 493 3497 tuno
508 3440 650 3495 Romanae
665 3436 746 3494 urbis
760 3437 875 3495 nobiles
889 3455 925 3497 ac
945 3441 1011 3498 reli·
1063 3440 1139 3512 signi
1153 3439 1245 3497 voluit
1258 3439 1370 3498 babere
1384 3440 1548 3498 conscium.
1561 3440 1701 3499 Jamvero
1711 3441 1841 3515 qualiter
1854 3446 1895 3503 ed

182 3531 257 3608 giosi
267 3543 455 3600 concurrere,
465 3542 599 3600 suosque
606 3527 632 3584 ei
644 3525 721 3583 filios
728 3526 923 3600 omnipotenti
939 3532 1010 3588 Beo·
1064 3528 1401 3588 casinensecornobium
1409 3529 1675 3589 BenedictusPater
1682 3530 1895 3592 sanctissimus

182 3619 357 3683 nutriendos
366 3618 448 3675 dare.
461 3617 543 3673 Tunc
556 3630 677 3689 qnoque
691 3614 780 3672 boner
795 3617 859 3689 spei
873 3633 945 3676 suas
963 3634 1010 3677 so·
1063 3617 1185 3684 venerit,
1195 3615 1387 3690 pandendum
1400 3624 1453 3675 eet.

182 3709 268 3771 bolos
290 3706 434 3782 AEquitiue
448 3705 596 3775 Maurum,
615 3702 846 3762 Tertullusvero
867 3707 1009 3781 petricius
1098 3704 1226 3775 Quidem
1239 3704 1342 3779 itaque
1357 3706 1521 3781 presbyter,
1529 3706 1691 3766 Florentius
1702 3709 1895 3779 nomine,an·

183 3798 336 3860 Placidum
350 3811 479 3871 puerum
504 3792 635 3852 tradidit.
658 3792 704 3850 Αδ
729 3793 795 3867 ipso
817 3794 898 3852 enim
911 3798 1009 3870 pueri·
1062 3795 1241 3870 tiquihostis
1265 3811 1379 3854 veneno
1402 3795 1576 3866 inchriatus,
1593 3797 1774 3856 sanctissimi
1796 3798 1895 3858 Patris

183 3884 482 3950 desaeviremus
510 3887 644 3955 tempora
671 3881 892 3951 abstinentiam,
920 3885 1010 3944 silen-

184 3979 272 4049 tium,
287 3974 414 4047 vigilias,
436 3971 613 4039 castitatem,
629 3985 797 4045 omnesque
809 3977 928 4031 sanotae
951 3974 1010 4032 vir·

185 4069 263 4125 tutes
273 4068 320 4122 est
331 4066 448 4121 secutus
458 4079 465 4118 :
476 4059 654 4118 obedientiae
671 4075 743 4117 vero
757 4059 865 4118 callem
879 4062 934 4121 eibi
945 4064 1011 4124 vin·

185 4153 305 4215 dicavit.

222 4243 360 4313 Quadam
370 4239 458 4313 igitur
473 4238 518 4296 die
530 4254 601 4296 cum
614 4254 691 4313 aqua
701 4238 732 4296 in
752 4239 871 4300 cellario
883 4241 1009 4318 deesset,

187 4333 279 4394 Patris
288 4329 414 4406 imperio
427 4329 467 4387 ed
476 4328 673 4386 hauriendam
689 4327 726 4385 do
740 4327 807 4386 teon
821 4346 934 4404 aquam
946 4331 1012 4390 Pla-

1063 3886 1154 3959 coepit
1165 3883 1271 3942 studiis
1285 3883 1430 3956 temulari,
1442 3885 1544 3959 eioque
1567 3902 1678 3961 panem
1691 3902 1805 3946 veneno
1819 3888 1895 3946 inie-

1064 3981 1146 4034 ctum
1162 3989 1217 4047 pro
1230 3972 1433 4031 benedictione
1453 3975 1626 4033 transmisit.
1649 3974 1731 4043 Quod
1752 3992 1825 4035 cnm
1852 3979 1895 4035 vir

1065 4064 1116 4123 Bei
1130 4061 1331 4137 perspiritum
1345 4060 1533 4131 declinasset,
1556 4064 1697 4122 scelestus
1712 4064 1894 4134 Florentius,

1066 4151 1138 4227 quie
1148 4150 1297 4209 Benedicti
1311 4166 1422 4224 corpus
1434 4167 1551 4210 veneno
1577 4168 1683 4210 necare
1707 4169 1768 4211 uon
1784 4156 1895 4228 potnit,

1066 4257 1098 4299 se
1106 4237 1732 4313 addiscipulorumanimesexstinguendas
1744 4243 1895 4312 accendit;

1067 4331 1108 4388 ita
1121 4335 1151 4386 ut
1161 4328 1193 4385 in
1206 4327 1428 4396 hortumcellve,
1438 4327 1486 4385 oui
1494 4327 1666 4386 Benedictus
1676 4329 1782 4398 inerat,
1795 4331 1898 4390 nudas

188 4421 274 4483 cidus
286 4426 331 4479 est
341 4424 458 4478 sanctus
471 4431 609 4489 egressus
621 4433 628 4472 :
639 4416 677 4474 ed
689 4432 780 4490 quem
793 4434 862 4475 cum
874 4421 1012 4491 venisset,
1030 4408 1053 4468 D
1068 4423 1181 4492 septem
1196 4414 1310 4490 puellas
1326 4417 1463 4485 mitteret,
1487 4433 1556 4491 quae
1572 4423 1686 4476 mentes
1713 4418 1834 4476 illorum
1857 4421 1899 4478 ad

186 4505 1014 4585 vasquequodtenebatinceuteinsquammieisset,ipse
1067 4507 1287 4583 perversitatem
1295 4505 1425 4564 libidinis
1435 4506 1667 4565 inflammarent.
1678 4508 1765 4575 Quod
1775 4510 1899 4567 Benedi-

189 4615 309 4678 qnoque
323 4596 460 4655 cadendo
472 4600 588 4653 secutus
600 4600 645 4653 est
656 4610 663 4650 ε
674 4610 764 4670 quem
775 4598 917 4657 continuo
931 4601 1015 4658 unda
1068 4603 1133 4655 ctus
1154 4599 1238 4653 Pater
1251 4595 1450 4669 conspiciens,
1472 4594 1652 4671 lapsumque
1674 4595 1773 4653 adbuc
1788 4598 1898 4656 tenmis

188 4687 299 4763 rapuit,
309 4691 337 4744 et
346 4701 421 4759 pene
432 4683 464 4740 in
484 4683 573 4740 unius
585 4682 698 4756 sagittae
719 4701 808 4742 cursu
831 4704 850 4745 e
870 4692 947 4749 terra
971 4691 1016 4748 in·
1068 4683 1207 4760 dicipulis
1219 4685 1441 4759 pertimescens,
1455 4700 1507 4742 eos
1521 4686 1663 4744 custodiri
1677 4687 1829 4761 pracepit,
1846 4689 1898 4746 de-

192 4785 321 4839 troreum
333 4773 430 4832 traxit.
445 4771 503 4829 Sed
519 4770 591 4845 quid
612 4772 750 4845 prevalet
764 4780 867 4835 contre
880 4777 1016 4837 Poeantis
1068 4792 1161 4851 reque
1176 4774 1296 4832 invidias
1321 4773 1420 4831 locum
1433 4774 1576 4848 disponit.

190 4864 353 4947 potentiam
367 4860 480 4936 antiqui
499 4860 593 4918 boetis
614 4862 748 4919 versutia
768 4862 783 4919 i
804 4867 878 4922 Nam
900 4883 969 4926 mox
984 4873 1018 4927 ut
1105 4867 1173 4922 Bao
1186 4862 1259 4920 dnm
1273 4861 1398 4920 sollicita
1418 4878 1521 4921 secum
1536 4867 1635 4921 mente
1654 4867 1802 4930 bactmet,
1817 4880 1900 4923 reve·

192 4962 314 5016 sanctus
327 4952 357 5011 in
375 4966 486 5026 aquam
512 4948 651 5006 Placidus
673 4950 787 5019 cecidit,
816 4960 956 5013 eventum
975 4956 1017 5014 rei
1070 4952 1141 5011 latio
1164 4950 1290 5009 antestis
1311 4951 1362 5008 teli
1395 4950 1481 5008 ilium
1521 4951 1671 5010 adhortari
1701 4957 1747 5011 eet
1770 4951 1899 5027 dignata

194 5045 319 5121 Spiritus
333 5047 464 5110 sanctus,
476 5038 526 5114 qni
539 5039 567 5096 in
582 5037 743 5097 electorum
755 5041 896 5100 cordibus
911 5046 1020 5118 princi·
1071 5041 1204 5101 oraculo.
1220 5042 1255 5098 Ut
1274 5039 1357 5114 qnid,
1371 5039 1543 5098 dulcissime
1557 5039 1721 5103 benedicta.
1745 5041 1872 5099 tristexre
1886 5041 1900 5098 i

193 5133 294 5210 palem
309 5130 421 5189 obtinet
440 5127 593 5192 thronum,
621 5125 778 5186 Benediclo
800 5130 876 5189 Patri
896 5135 1018 5191 sanctis·
1072 5128 1281 5204 Nunquidnem
1303 5144 1362 5186 non
1377 5129 1577 5187 reminisceris
1591 5128 1664 5186 iliud
1679 5130 1761 5205 quod
1774 5145 1831 5203 ego
1846 5132 1899 5189 de·

194 5222 273 5281 simo
286 5218 425 5277 revelavit
435 5233 443 5274 ι
452 5217 504 5316 qui
516 5231 532 5273 e
545 5215 669 5289 vestigio
685 5217 804 5275 beatum
816 5220 951 5278 Maurum
963 5239 1020 5280 coe·
1072 5216 1208 5292 prompsi
1223 5217 1325 5274 dicens
1336 5234 1343 5272 ε
1355 5215 1385 5273 Si
1396 5233 1441 5273 me
1450 5218 1596 5290 peracuti
1606 5224 1683 5288 rect,
1698 5225 1725 5276 et
1739 5233 1785 5275 cos
1799 5233 1898 5290 peree-

195 5310 241 5386 pit
262 5306 317 5364 sub
339 5304 621 5376 magnaeeleritate
643 5320 761 5373 vocare,
785 5306 888 5365 dicens
904 5311 1021 5370 :Frater
1073 5307 1221 5383 quentari
1231 5306 1324 5377 (Jocn.
1340 5323 1387 5375 xv,
1401 5307 1459 5379 ao.)
1470 5309 1508 5364 'le
1521 5321 1652 5381 nemque
1664 5307 1739 5380 clegi
1753 5324 1790 5365 ex
1805 5309 1899 5366 omni·

195 5395 307 5467 Uanre,
323 5409 408 5455 curre
423 5391 569 5460 velociter,
583 5391 652 5467 quia
668 5410 742 5468 puer
757 5395 892 5455 Placidus
906 5399 957 5473 qni
981 5397 1022 5459 ad
1073 5397 1132 5456 bus
1155 5395 1353 5454 incolentibus
1368 5396 1470 5454 orbem
1487 5401 1537 5468 ;tu
1561 5395 1712 5469 Evangelii
1739 5395 1799 5455 mei
1826 5396 1900 5456 tuba

197 5486 396 5555 metiendam
415 5499 527 5561 aquam
544 5487 723 5559 perrexerat,
738 5484 769 5542 in
789 5483 890 5547 lacum
904 5490 1020 5561 cecidit,
1074 5487 1203 5549 coeleetie
1223 5484 1340 5552 existen
1365 5485 1471 5565 spiritu
1493 5502 1525 5546 ee
1550 5502 1618 5548 meo
1639 5484 1779 5567 repletus.
1804 5487 1899 5564 Surge
