3884 6050
39 247 113 314 rata
421 245 426 256 ·
590 277 595 286 =
633 242 805 313 atalanta
832 215 1138 318 tmntaa'suausts.
1661 235 1738 317 lars

30 389 86 452 tas,
98 382 191 440 duces
205 384 235 439 ct
247 396 332 453 reges
343 379 402 453 (ll)
413 378 605 454 disputarent,
621 381 728 440 milites
740 385 769 439 et
780 380 860 438 cives
875 380 900 446 Α
915 383 1006 456 atquc
1018 397 1120 439 aarum
1135 382 1321 456 pontificum,
1336 381 1367 439 et
1396 378 1631 453 consulum,vidi
1645 383 1742 441 domi·

31 471 188 529 Mediolani
201 472 233 526 in
247 469 716 541 atrioacclesianurabantiacera
726 486 860 542 guerram
915 483 1105 542 numpapam
1117 470 1468 543 Calixtum‚etlordanum
1476 471 1741 547 archiepiscopum

29 560 178 629 Cumanis,
193 559 291 615 donec
306 558 405 614 vicum
421 565 450 616 et
464 558 645 615 coloniolam
661 562 716 623 (ti)
731 559 861 615 destrue·
915 571 983 613 cum
1015 557 1150 629 pluribus
1164 558 1384 624 ecclesiasticis,
1417 558 1652 635 elsaecularibus
1670 561 1741 619 airis

30 656 107 721 rent,
134 649 282 705 civitatem
307 663 426 721 quoque
454 646 552 721 ipsam
577 647 766 721 dissiparent.
788 646 861 703 lluic
914 644 1078 702 illustribus
1092 648 1255 707 consedere
1271 648 1302 704 in
1316 646 1497 704 Terdonensi
1510 647 1622 719 palatio
1640 649 1689 722 (l),
1709 649 1742 709 iu

32 743 134 793 autem
147 735 320 806 juramento
335 749 443 790 manus
450 734 572 792 vidonis
587 736 642 801 tta)
657 733 790 808 episcopi
807 734 861 790 Cu·
915 749 1043 807 quorum
1061 739 1222 808 presentie
1241 735 1376 809 quaerelas
1391 751 1465 793 meta
1482 751 1604 794 caumm
1623 738 1741 811 protuli,

34 840 188 882 manorum
203 824 311 880 resistit
322 823 387 890 ((6).
402 823 460 880 Sed
474 824 621 880 arduinus
634 825 770 897 ejusdem
784 823 861 896 epis·
915 822 1027 880 scilicet
1036 824 1073 881 de
1084 828 1117 881 ὓ.
1131 825 1272 892 Jordano,
1287 829 1316 881 et
1329 824 1484 897 querendo
1502 824 1650 884 introduxi
1665 827 1743 899 inJ'u·

34 920 160 986 capatus
173 911 763 985 advocatorttllconsensit‚etutipsum
780 911 862 983 jura·
915 910 986 979 rias,
999 917 1029 969 at
1037 910 1234 970 homicidium
1248 915 1295 984 (ἱ),
1317 912 1401 986 quod
1423 928 1534 970 manus
1553 914 1618 986 ejas
1631 913 1743 974 iecitin

35 1009 171 1059 mantum
186 1000 417 1072 compelleretur.
445 1001 572 1057 multum
598 1001 721 1058 studuit.
742 1002 862 1056 Verum·
916 1014 976 1067 me,
1006 1006 1114 1074 preter
1144 1001 1255 1059 litteras
1268 1016 1346 1074 quas
1358 1001 1391 1058 D.
1414 1016 1495 1074 papa
1522 1001 1657 1060 Gelasius
1673 1002 1742 1061 misi

37 1098 137 1147 temen
151 1097 355 1162 utrorumque,
368 1090 477 1146 scilicet
492 1089 612 1146 Vidonis
627 1093 656 1145 et
669 1089 760 1160 hujus
771 1086 863 1143 advo·
915 1087 955 1144 illi
969 1101 1088 1160 proma,
1101 1105 1232 1163 quarum
1243 1088 1407 1162 exemplum
1424 1090 1482 1147 hcc
1495 1093 1540 1147 est
1554 1107 1562 1148 :

36 1179 93 1238 cati
106 1179 402 1247 studium,recte,sise
416 1193 478 1234 non
492 1176 689 1245 recte,dicitur
704 1176 795 1234 fuisse
809 1176 864 1232 ini·
953 1195 967 1229 a
983 1179 1015 1233 G.
1027 1179 1193 1252 episcopus,
1209 1194 1311 1235 servus
1335 1193 1488 1235 servorum
1502 1179 1564 1248 Dei,
1579 1195 1646 1239 ven.
1659 1179 1742 1239 fratri

36 1264 863 1342 quiitatissaminerium.lnquoenimsemiaequisaivens
915 1265 1041 1321 tonnano
1065 1265 1280 1324 Mediolanensi
1305 1265 1531 1340 archiepiscopo
1559 1267 1686 1327 salutem
1713 1275 1744 1330 ct

37 1357 159 1413 vidittot
172 1352 419 1428 pessimaopere?
430 1355 461 1410 ln
475 1354 652 1411 hocsemine
663 1353 863 1411 castramulta
916 1352 1113 1425 apostolicam
1119 1354 1368 1412 benedictionem.

38 1453 67 1503 at
78 1445 308 1516 jncundissima,
321 1449 350 1500 et
363 1442 717 1516 oppidaiortissimecum
726 1440 863 1498 habitan·
952 1458 968 1495 ς
984 1444 1080 1498 Frater
1093 1441 1150 1500 iste
1170 1443 1545 1517 Landulphusaheaclesia
1555 1461 1610 1503 sae
1626 1460 1659 1503 sc
1670 1461 1743 1519 qus·

36 1530 863 1605 tibus,atvillissuisatrobique,etsinon‹equeeombusta
915 1529 990 1587 ritur
1001 1531 1202 1606 exturbatum.
1218 1532 1302 1600 Quod
1316 1537 1416 1590 eutem
1430 1532 1468 1591 ab
1480 1548 1516 1591 ec
1543 1535 1678 1607 queritur
1706 1540 1743 1606 (3)

36 1626 118 1689 sunt,
133 1627 164 1678 et
176 1621 335 1678 desuueta.
346 1621 443 1678 Nares
457 1636 580 1694 quoque
605 1619 713 1689 multas,
737 1624 766 1676 et
781 1616 864 1675 belli-
917 1618 1134 1678 attitulationis
1147 1637 1210 1679 suaa
1234 1621 1478 1680 certificationem
1501 1623 1630 1681 exhibeat
1645 1625 1677 1698 (i
1692 1639 1743 1683 se·

36 1727 116 1770 cosas
131 1727 200 1767 aum
216 1711 297 1775 viris,
311 1715 339 1766 at
349 1709 558 1767 innumerabili
572 1708 760 1766 multitudine
772 1707 863 1765 homi·
878 1729 902 1790 B
917 1707 1052 1765 cundum
1073 1711 1103 1764 B.
1114 1709 1283 1780 Gregorium
1318 1709 1480 1770 ridiculum
1509 1712 1742 1772 demonstratur.

36 1817 112 1858 num
129 1797 471 1856 inlacubussubmcrsae
483 1798 668 1870 jacent.lpsa
685 1795 807 1854 tendam
822 1796 861 1852 ci·
917 1795 1005 1864 Quod
1032 1796 1111 1854 enim
1143 1803 1197 1865 est,
1215 1799 1300 1870 juxta
1324 1799 1462 1872 ejusdem
1494 1799 1576 1858 beati
1624 1803 1744 1874 Gregori

35 1888 186 1946 vitassuis
200 1884 863 1959 evaauetacultoribus‚lacrymahilibnsocu·
916 1885 997 1942 dicta
1015 1885 1159 1959 stlegum
1185 1890 1299 1946 statuta
1323 1889 1453 1961 probare
1482 1888 1577 1957 debet,
1607 1890 1743 1966 alioquin

35 1978 178 2034 lisanam
205 1977 324 2032 ruinam
353 1975 487 2048 quotidie
501 1975 581 2032 videt
608 1974 673 2041 ((8),
690 1973 736 2030 rel
763 1974 863 2046 pluras
916 1979 1034 2032 nonest
1057 1973 1129 2032 huic
1155 1975 1308 2034 calumnie
1336 1976 1504 2048 hujusmodi
1535 1978 1743 2037 occasionibus

35 2081 159 2140 quoque
178 2063 304 2122 declaro
318 2069 347 2120 et
362 2063 473 2136 populo
489 2064 577 2121 totius
591 2063 670 2120 orbis
684 2067 802 2134 propter
816 2059 862 2116 di·
915 2061 1111 2136 impingenda
1142 2062 1221 2119 :sed
1235 2063 1294 2120 nisi
1319 2063 1484 2123 aliacause
1513 2065 1669 2139 impediet,
1684 2083 1744 2126 suae

37 2171 124 2211 versa
138 2153 236 2210 studia
248 2155 303 2217 (19)
319 2153 446 2210 Romani
456 2151 614 2226 pontificis,
625 2157 653 2209 et
666 2150 804 2224 ejusdem
816 2163 864 2205 ur·
916 2152 1086 2208 restituetur
1104 2151 1244 2209 ecelesiae.
1261 2152 1370 2210 Datum
1398 2151 1512 2226 cajeta
1538 2153 1638 2212 idibus
1666 2156 1745 2215 liar·

38 2245 96 2310 bis,
109 2242 275 2300 eteoclesie
293 2242 415 2310 patriai,
428 2246 457 2298 et
479 2241 628 2311 advocati,
642 2240 704 2297 sive
727 2240 785 2312 pia,
799 2238 863 2294 sive
916 2240 948 2297 tii
960 2239 1008 2309 (l).

36 2348 98 2390 non
115 2331 319 2405 pincinnatos
329 2327 863 2401 cerureadanimarumparditionem
952 2328 1745 2401 lpserarolordanuscumnonhaberetundeassuan-

34 2427 66 2478 et
81 2419 246 2477 maximam
260 2434 420 2492 corporum
437 2417 654 2475 confusionem.
677 2416 738 2488 ligo
762 2421 863 2473 autem
917 2432 977 2491 qne
990 2417 1103 2474 turbam
1117 2422 1283 2488 excusaret,
1297 2418 1377 2476 stibi
1390 2433 1577 2493 corampepa
1588 2423 1746 2480 taceretin·

36 2524 156 2565 memor
165 2508 271 2564 horum
284 2506 431 2563 malorum
444 2505 576 2562 diverm
585 2503 695 2561 suffero
711 2505 865 2577 perturba·
917 2508 1085 2575 terrogatus
1100 2505 1140 2562 ab
1154 2506 1674 2580 abrahamprssnytaraetmagtstro
1688 2527 1746 2570 suo

35 2597 209 2661 tiones,aoa
219 2597 291 2669 qaia
306 2595 545 2652 schismesedeat
559 2594 589 2649 in
601 2593 703 2650 animo
718 2609 797 2657 mea,
813 2595 865 2652 sed
918 2595 1072 2668 capellano
1085 2595 1124 2651 ait
1139 2612 1146 2649 ε
1163 2595 1240 2662 Quid
1253 2594 1348 2651 debeo
1363 2595 1389 2651 ei
1402 2596 1582 2668 respondere
1596 2598 1671 2655 tttls
1684 2615 1745 2656 noa

34 2688 107 2759 qaia
120 2684 318 2742 schismaticis
332 2682 545 2755 usurpantibus
568 2699 614 2738 res
626 2698 704 2740 meas
720 2698 780 2739 non
794 2698 864 2740 con·
919 2688 997 2741 tanet
1010 2698 1059 2739 me
1073 2698 1128 2756 pro
1142 2683 1292 2755 episcopo.
1317 2687 1399 2740 Tunc
1419 2683 1559 2740 dominas
1573 2685 1746 2744 lambertus

36 2774 144 2831 santio.
163 2777 201 2830 lla
214 2774 288 2846 ipsis
301 2773 382 2845 apud
390 2773 555 2846 pontifices,
563 2772 742 2838 secerdotes,
759 2771 865 2829 milites
920 2771 1063 2829 Ostiensis
1077 2771 1237 2844 episeopus
1265 2770 1312 2839 (5),
1342 2776 1371 2829 et
1385 2771 1501 2829 domini
1526 2772 1631 2830 Calixti
1649 2774 1747 2846 prolo-

36 2864 128 2932 ciaes,
150 2863 298 2930 eonsules,
323 2868 351 2918 et
375 2876 461 2932 rages
489 2860 637 2932 justitiam
668 2859 804 2934 quaesivi,
838 2865 867 2918 at
920 2866 1005 2918 autor
1014 2858 1051 2920 (tl
1064 2860 1150 2928 anesi
1165 2874 1247 2932 pape
1260 2857 1362 2920 (ilaue
1377 2875 1472 2918 manu
1486 2861 1683 2934 apprehendit
1696 2878 1746 2921 me

36 2967 154 3027 quaero.
920 2952 1055 3014 stantem,
1071 2950 1099 3003 at
1110 2947 1311 3021 proterentem
1330 2949 1487 3016 :Domine
1504 2950 1544 3007 ad
1566 2949 1629 3008 hac
1648 2950 1744 3010 debeo

324 3038 438 3096 CAPUT
460 3038 559 3096 xxxv.
919 3037 1110 3112 respondere,
1121 3036 1203 3094 atait
1217 3036 1291 3093 mihi
1306 3036 1423 3111 publica
1448 3058 1455 3098 ε
1473 3038 1748 3114 Frater‚deposuisti

39 3130 203 3187 Historicas
218 3136 289 3187 cate
311 3128 454 3186 catiatam
476 3144 575 3201 popam
600 3126 739 3185 Terdoaa
757 3131 784 3184 et
797 3126 866 3184 Pto·
881 3092 905 3157 C
920 3125 1075 3200 querelam
1089 3128 1214 3191 tuamet
1232 3131 1350 3200 tempus
1363 3125 1496 3184 tannarii
1514 3142 1575 3185 non
1589 3133 1634 3187 est
1642 3134 1748 3203 aptum

148 3216 760 3289 centiasdelordaaasrastroccaquen‘tar.
921 3213 1057 3273 calcandi
1075 3230 1148 3271 uvas
1162 3214 1193 3269 in
1216 3213 1359 3271 torculari
1385 3212 1445 3277 idi:
1465 3214 1608 3273 dominus
1633 3216 1749 3293 quippe

78 3307 190 3365 Guerra
205 3309 408 3363 Cumanorum
417 3313 446 3364 et
457 3304 866 3373 Mediolanensiumdarante‚
922 3302 1163 3376 archiepiscopus
1178 3302 1305 3362 occurrit
1325 3303 1411 3361 nobis
1425 3308 1550 3378 propter
1563 3320 1624 3373 eos,
1639 3306 1692 3382 qui
1705 3308 1749 3366 in·

77 3458 136 3526 ((3)
156 3458 256 3528 Pagina
269 3459 310 3514 ita
329 3456 461 3529 explicat,
487 3456 517 3512 id
541 3462 581 3513 est
600 3457 673 3527 juro
697 3461 869 3526 metenda
922 3455 1065 3526 linquens.

40 3529 151 3600 repetas
162 3528 369 3599 Mapobardiae.
384 3529 465 3584 Certe
480 3527 571 3585 ltaliae
584 3543 665 3598 reges
681 3543 743 3582 sese
760 3525 789 3581 in
805 3527 869 3582 ‘ure
974 3527 1017 3595 (9)
1036 3523 1169 3581 Schisma
1193 3524 1326 3584 videlieet
1352 3526 1468 3586 Burdini
1490 3526 1659 3588 catholicam
1682 3548 1750 3591 con·

41 3598 236 3658 ecclesiastica
250 3599 405 3670 plurimum
427 3598 586 3665 intrusisse,
598 3614 631 3653 ex
644 3596 770 3652 historiis
792 3595 869 3653 iiius
923 3614 958 3654 aa
971 3613 1039 3653 vens
1054 3595 1219 3652 Ecclesiam.

43 3670 98 3727 oevi
113 3672 214 3724 uotam
229 3673 288 3727 est:
305 3673 405 3724 contra
415 3668 475 3722 hac
487 3668 669 3723 declamabat
683 3667 870 3739 archiepisco·
960 3670 1026 3723 Cae.
1040 3667 1240 3737 xxxa-(t)
1256 3667 1340 3722 Anno
1353 3668 1421 3723 ilio
1433 3669 1559 3727 calixtus
1588 3672 1623 3738 11,
1642 3695 1657 3726 «
1685 3691 1749 3746 per·

43 3746 215 3815 pusnoster.
924 3737 1033 3810 agretia
1047 3736 1202 3792 Provinciae
1216 3737 1354 3807 partibus,
1379 3744 1409 3794 et
1437 3740 1553 3812 Alpium
1579 3743 1750 3801 difficultate

79 3812 140 3882 ((4)
157 3811 218 3866 Dua
231 3807 378 3865 Comensis
392 3808 514 3864 civitatis
543 3806 770 3878 suburbia,quae
793 3807 872 3864 velut
925 3804 1315 3876 transcensa,›utloquitur
1334 3809 1412 3862 card.
1433 3811 1597 3881 diagonios
1638 3814 1667 3870 in
1686 3817 1750 3888 ejus

43 3886 103 3940 duo
116 3880 233 3937 brachia
245 3880 340 3934 lucum
357 3878 525 3935 influentem
542 3878 815 3950 complectebantur.
925 3879 992 3937 Vita
1006 3882 1079 3935 tom.
1093 3877 1130 3932 lll
1145 3875 1232 3940 edita,
1261 3879 1326 3932 aad
1351 3879 1380 3933 S.
1400 3879 1585 3939 Ambrosium
1600 3886 1749 3957 (oppidum

82 3954 138 4025 ((5)
158 3954 266 4021 Nempe
295 3949 344 4003 illa
373 3967 438 4019 pars
462 3950 570 4023 populi,
591 3967 653 4022 quae
673 3949 795 4006 Gnidoni
820 3949 872 4005 Co·
925 3946 1684 4023 propesusam)eumjucunditatepervenit,indead
1701 3974 1749 4028 po·

44 4023 140 4081 mensi
153 4022 284 4093 episeopo
305 4019 479 4076 adherebat.
926 4020 1039 4094 pulosas
1054 4017 1231 4074 Lombardiaa
1254 4016 1383 4075 civitates
1409 4041 1422 4072 a
1444 4023 1602 4092 descendit,
1629 4031 1658 4083 et
1684 4030 1751 4086 Ter·

80 4095 141 4170 (ld)
158 4094 231 4167 Lege
248 4093 363 4147 restitit.
926 4094 1009 4147 donae
1019 4089 1093 4145 circa
1107 4089 1194 4144 tinem
1210 4089 1441 4160 Quadragesime
1452 4094 1590 4153 constitit.

83 4170 137 4230 (17)
158 4168 295 4235 Deceptus
322 4166 366 4218 est
390 4165 489 4218 Tatius
510 4164 548 4219 ad
564 4179 632 4219 ann.
660 4163 739 4227 ttae,
763 4160 873 4218 abhoc
962 4161 1001 4233 (2)
1023 4159 1215 4231 Matapborice
1243 4158 1272 4214 id
1297 4162 1399 4217 asserit
1425 4163 1623 4238 landulphus,
1650 4169 1686 4226 de
1705 4171 1753 4252 ju.

46 4234 348 4295 nomiaeexistimans
369 4234 619 4306 essegentiiitium
649 4233 776 4297 familie,
804 4248 873 4304 quo·
926 4233 1003 4288 ribus
1017 4231 1075 4286 suis
1092 4231 1308 4302 quodammodo
1323 4233 1463 4307 jugulatis
1478 4255 1488 4310 3
1512 4244 1643 4296 mortuus
1672 4256 1751 4298 enam

45 4309 199 4365 circaeam
212 4305 263 4360 sub
275 4321 355 4360 num.
377 4305 441 4361 titt
456 4309 554 4377 aperte
569 4306 691 4361 asseruit
705 4321 739 4361 ex
752 4305 873 4360 advoca·
926 4301 1062 4375 conqueri
1079 4317 1136 4356 noa
1152 4305 1276 4373 poterat.

47 4384 144 4435 torum
162 4375 272 4440 familia
287 4375 468 4456 progenitum
484 4394 490 4432 :
504 4393 592 4448 quam
607 4377 690 4449 longe
705 4380 803 4431 tamen
820 4373 874 4455 hoc
962 4374 1005 4445 (3)
1024 4373 1098 4498 Lefe
1111 4372 1250 4454 queritur,
1266 4372 1335 4429 utin
1351 4372 1415 4431 aliis
1429 4375 1499 4434 bibl.
1513 4379 1613 4436 ambr.
1629 4397 1698 4439 mss.

48 4463 148 4506 avara
164 4446 249 4515 absit,
267 4463 315 4518 qur
343 4447 453 4503 modice
483 4447 512 4502 ia
537 4448 799 4504 historiarersatus
825 4442 911 4510 arti)
963 4445 992 4511 (⁶)
1013 4452 1045 4500 A.
1078 4443 1236 4509 ‚catalect

49 4519 134 4577 facile
149 4517 343 4588 deprehendet
357 4535 362 4572 :
377 4518 494 4574 idenim
508 4517 594 4574 officii
620 4534 724 4574 nomen
740 4520 812 4583 erat,
843 4520 875 4572 nt
962 4515 1001 4584 (4)
1020 4512 1094 4570 huni
1123 4513 1254 4571 videlicet
1280 4514 1349 4571 titt
1376 4532 1383 4572 :
1406 4515 1474 4576 illuc
1500 4520 1578 4578 enim
1604 4523 1754 4597 appulerat

49 4588 173 4648 dilucide
187 4588 312 4645 ostendit
325 4594 425 4645 auctor
439 4596 546 4652 noster,
561 4594 589 4645 et
605 4588 666 4644 fuse
689 4590 730 4644 Du
750 4586 874 4659 Gangius
929 4591 1010 4646 serta
1023 4585 1134 4642 circiter
1147 4586 1278 4659 ejusdem
1295 4585 1403 4643 mensis
1412 4588 1468 4646 die.

51 4661 186 4789 astitit·
208 4659 325 4786 tihi}
339 4657 876 4787 catastaru-taatal
929 4659 1006 4786 alii
1025 4659 1161 4713 ΜΦ)
1175 4657 1416 4730 ⁹⁰⁸²⁹⁸t⁰⁰ffi³¹
1439 4662 1491 4718 ⁸⁰¹³
1654 4665 1753 4725 ³⁰⁰⁰·

87 4750 103 4787 o
171 4773 190 4796 .,
1000 4771 1007 4787 .

52 4802 237 4860 ecclesiarum
253 4801 335 4865 tueri,
352 4807 437 4872 atque
451 4802 515 4859 ideo
528 4747 685 4875 casarea]
696 4800 785 4858 etiam
814 4816 877 4872 pas·
967 4801 1003 4865 (6)
1022 4799 1083 4854 Vox
1097 4797 1152 4854 ista
1165 4815 1216 4870 pro
1227 4798 1358 4855 adamato
1367 4801 1502 4874 sumitur,
1509 4803 1648 4877 pluraque
1659 4823 1755 4864 exem.

0 4873 1 4876 ’
53 4874 109 4931 sim
123 4872 220 4929 solitos
240 4872 387 4944 appellari.
931 4871 981 4945 pla
995 4870 1105 4941 profert
1118 4870 1160 4924 Du
1176 4872 1299 4995 Canaeus
1320 4869 1349 4924 in
1374 4871 1502 4932 Glossar.
1516 4878 1658 4950 praecipue
1684 4878 1757 4936 iilud

932 4962 950 5016 i>

91 4944 146 5016 ((8)
167 4944 276 5002 Bellum
293 4944 356 5008 boc,
368 4943 497 5000 decennii
513 4943 585 5000 odiis
599 4959 695 5017 grave,
709 4942 879 5012 terrenaque
952 4941 1053 4999 etitum
1069 4956 1103 4996 ex
1118 4941 1176 4995 rita
1188 4941 1217 4996 S.
1270 4939 1389 4996 illibaldi
1406 4943 1435 4999 in
1464 4947 1590 5017 quahoe
1611 4948 1754 5011 habetur:

2 5056 3 5065 η
55 5016 281 5086 assiduastrage
298 5015 446 5087 utriusque
468 5016 567 5097 partis,
593 5032 627 5071 ac
646 5017 681 5070 ob
710 5011 880 5095 lacrymabi·
934 5013 1000 5066 «Et
1019 5012 1049 5067 in
1070 5010 1259 5067 celebratione
1282 5011 1394 5067 concilii
1419 5019 1559 5088 tanquam
1583 5036 1667 5077 verus
1689 5039 1758 5079 can.

55 5088 114 5143 lem
128 5086 236 5142 arcium
256 5102 450 5168 pagorumque
473 5102 586 5141 ruinam
603 5085 698 5142 ieratis
720 5100 879 5149 memoriae,
933 5082 1077 5149 cellarius,
1094 5100 1127 5137 ac
1146 5082 1311 5155 prolocutor
1338 5084 1483 5143 conciliis
1498 5089 1757 5167 dextrisarchiepi·

55 5174 163 5230 magna
177 5174 210 5213 ex
225 5162 305 5227 parte
318 5155 466 5227 descripsit
479 5157 578 5211 carius
599 5161 628 5213 et
640 5156 760 5213 Calchas
777 5154 825 5210 lib.
843 5170 881 5210 ru
934 5171 1021 5279 scopo
1035 5153 1180 5225 proximus
1200 5153 1357 5211 assidebat.
1372 5176 1386 5205 a

58 5230 214 5300 ilistpatr.
242 5226 475 5298 lutegrotamen
494 5232 627 5298 poemate
650 5227 816 5298 complexus
839 5230 882 5283 est
971 5224 1224 5291 (thiteralectio
1252 5240 1309 5280 ms.
1339 5224 1407 5283 bibl.
1431 5230 1529 5286 Amba.
1546 5232 1647 5291 melius
1672 5235 1759 5295 habet

56 5304 223 5371 Anonyanus
234 5297 381 5353 (lemensis
396 5313 429 5352 eo
455 5302 584 5369 ternpore
608 5299 713 5362 vivens,
759 5298 814 5352 uod
837 5295 883 5351 hic
935 5297 1017 5369 quasi
1034 5296 1154 5368 proprio
1178 5309 1188 5365 ‚¹
1209 5294 1349 5367 particula
1376 5298 1454 5354 enim
1553 5305 1618 5361 'ab
1642 5313 1759 5364 auctore

57 5371 187 5446 proxime
201 5368 309 5450 editum
334 5366 454 5450 eraditis
475 5369 709 5426 adnotationibus
728 5315 883 5450 iiiustraait
937 5371 1036 5449 nestro
1052 5367 1215 5438 frequenter
1230 5366 1360 5422 adhibita
1375 5369 1413 5425 nii
1436 5318 1593 5443 vermari
1614 5377 1758 5452 adiicitur,

57 5443 102 5499 vir
130 5441 165 5498 cl.
190 5439 317 5510 mihique
349 5439 456 5510 ingena
491 5440 660 5496 amoenitate
681 5457 715 5497 ac
746 5441 883 5495 doctrinm
938 5437 1175 5508 minuitutcap.
1196 5440 1206 5492 l
1226 5439 1476 5500 'ammonuimus

58 5512 223 5589 prestantia
234 5527 346 5593 suanme
361 5512 465 5566 charus
480 5511 509 5569 P.
525 5512 630 5585 loseph
641 5512 729 5568 llaria
745 5512 882 5581 Stemma
975 5509 1014 5582 (8)
1037 5510 1157 5581 Vulgare
1173 5522 1223 5581 pro
1236 5511 1365 5594 equium,
1390 5518 1422 5570 nt
1448 5513 1511 5589 quis
1534 5515 1763 5591 importunitatis

58 5585 193 5660 quocirca
209 5581 366 5639 hicdratias
380 5582 532 5665 immorari
558 5598 796 5667 supervacaneum
819 5596 885 5639 cen·
942 5584 1095 5664 arguatur3
1110 5596 1201 5711 napae
1223 5597 1302 5641 emm
1317 5584 1550 5649 tunctuasartss
1569 5590 1688 5659 mensis,
1712 5591 1765 5655 sed

59 5674 119 5728 seo,
132 5652 357 5727 eidemglorlam
382 5652 519 5712 elucidati
547 5653 634 5731 huJus
658 5653 725 5718 belli
743 5653 818 5713 aluo
837 5668 883 5712 re·
943 5652 1055 5731 spatis
1073 5668 1153 5713 curre
1174 5655 1214 5715 at.

238 5743 356 5811 Parnon,
375 5743 517 5807 catatu.
1591 5748 1627 5839 iq

1855 329 1858 334 Δ
1933 237 1941 400 t
