3884 6050
191 213 270 276 trel
895 212 1003 276 nutet
1022 210 1172 275 alluerit
1815 216 1891 277 ilbi

187 357 246 419 que
263 357 371 417 rugare
394 341 484 419 sopit
508 347 541 404 ut
551 360 679 420 puerum
692 361 711 405 a
724 340 945 407 terraleveret:
967 345 1015 403 rir
1029 344 1056 409 A
1068 345 1128 404 ruit
1140 347 1178 417 ei,
1193 362 1323 423 eumque
1337 346 1364 405 si
1377 347 1408 406 in
1420 347 1479 408 hac
1494 346 1557 407 rita
1575 347 1645 423 pius
1668 347 1769 406 vivere
1795 346 1891 416 vellet,

189 433 1015 509 aulcmlleiquidinreessetignarus,extendensmanum
1069 435 1199 510 inquirit.
1216 437 1451 498 nortbertum.
1468 458 1483 492 »
1504 437 1663 511 respondit.
1681 440 1713 495 ut
1734 438 1784 495 liei
1814 437 1893 509 geni·

188 521 384 595 apprehendit
396 537 531 595 puerum,
547 523 665 583 dicens:
684 526 800 597 «Surge
816 544 824 594 3
840 547 856 577 a
880 529 910 582 et
942 538 1016 582 een·
1065 520 1147 578 trix:
1163 522 1384 580 eveniadme.
1410 525 1504 589 »Quo
1525 522 1572 581 ille
1598 521 1709 592 audito,
1728 530 1892 580 extremum

188 608 286 668 testim
301 612 436 668 surrexit.
1066 609 1191 668 halitum
1206 610 1292 668 ludit.

224 699 264 756 bl.
279 701 387 767 ΕΒΙΖΟ,
403 700 572 757 Casinensis
587 701 766 767 monachus,
779 703 851 759 dum
861 701 893 759 in
914 699 1015 773 vigilia
1067 699 1464 772 Ecvtteejerdemuetsonu
1471 698 1893 773 cumpositool’oslomosrocto

186 788 296 846 camba
306 789 425 845 Domini
436 788 1014 863 signumadincboendammissampul·
1400 790 1559 849 caunense

188 882 273 944 earet,
287 877 362 934 vidit
373 878 532 950 cujusdam
543 878 1015 937 ultramontanicomitisanimam
1068 875 1157 934 Ebisn
1169 891 1276 948 genere
1288 880 1473 943 Teutonicus,
1486 878 1525 937 de
1536 877 1694 953 provincia,
1713 892 1783 953 quae
1801 878 1893 935 Fran·

159 980 169 991 ·
187 966 219 1024 in
230 967 434 1037 jumentorum
447 982 554 1025 morem
566 967 690 1039 ligatam
705 968 744 1026 ad
756 967 905 1041 supplicia
917 968 1013 1024 trahi:
1068 965 1115 1022 cia
1126 966 1287 1025 teutonica
1296 967 1414 1038 dicitm,
1427 983 1497 1026 cnm
1511 984 1530 1026 a
1544 968 1756 1041 parentibuset
1782 982 1893 1038 cogua-

188 1071 319 1129 eumque
332 1056 371 1112 ad
386 1055 464 1113 hanc
473 1056 617 1114 visionem
629 1057 854 1130 obtupesceret,
874 1056 1013 1114 diabolus
1067 1052 1105 1109 tis
1117 1054 1352 1129 primatibusque
1372 1056 1497 1114 ciuitatis
1511 1072 1573 1114 susa
1596 1056 1788 1129 impediretur
1800 1054 1892 1126 longe

188 1144 1012 1219 quicamdemauimamlrabebatait:«Animamiatam,
1066 1141 1228 1216 proficisci,
1267 1143 1464 1219 hahitumque
1485 1153 1620 1213 mutare;
1650 1150 1757 1202 nactus
1782 1142 1891 1202 horam

187 1250 277 1308 quam
291 1234 386 1291 cernis
397 1235 427 1289 in
443 1239 546 1291 nostra
557 1236 625 1306 iura
636 1235 766 1302 venisse,
777 1234 940 1291 dominitui
958 1250 1014 1291 no·
1068 1232 1289 1304 quamprimum
1306 1234 1526 1308 imperatricem
1537 1235 1631 1293 adivit
1647 1237 1796 1307 Agnetem,
1811 1233 1893 1307 ajus-

143 1330 146 1337 '
187 1322 410 1396 vausesse,qul
424 1322 473 1380 die
485 1322 632 1380 hodierna
642 1329 779 1381 mortuus
792 1329 868 1379 est.»
893 1323 1014 1379 llocubi
1067 1335 1127 1393 que
1141 1320 1264 1378 consilio
1277 1320 1369 1379 tultus
1383 1328 1413 1380 et
1422 1322 1533 1381 auxilio
1544 1338 1606 1381 non
1621 1321 1713 1380 solum
1723 1320 1892 1390 urbem,scd

188 1410 232 1468 vir
247 1411 296 1468 liei
311 1409 431 1478 audivit,
445 1411 601 1482 ingemuit,
618 1416 645 1469 el
657 1410 833 1469 lactomane
850 1411 1013 1469 veniensin
1068 1411 1222 1479 algentem
1242 1411 1374 1469 mutavit.
1397 1411 1643 1484 peregrinationis
1663 1410 1752 1482 igitur
1765 1410 1892 1467 Abrabm

189 1498 354 1573 capitulum
363 1499 421 1556 ait:
432 1521 442 1549 ‹
452 1499 611 1556 Dominum
621 1500 1014 1558 meumnoveritisbestcrno
1066 1506 1164 1563 factus
1173 1498 1314 1571 imitator,
1329 1517 1348 1558 a
1361 1505 1466 1559 sancto
1479 1499 1628 1558 Desiderio
1639 1498 1892 1557 monasteriiCasi-

188 1588 238 1645 die
256 1588 294 1645 de
308 1587 422 1645 mundo
437 1588 588 1658 migrasse,
598 1589 815 1646 uudsvesuam
825 1589 1013 1646 sanctitatem
1067 1594 1167 1650 nensis
1176 1592 1287 1650 abbate
1297 1595 1454 1664 susceptus
1468 1589 1645 1660 estbenigne
1657 1588 1728 1657 3sub
1738 1588 1893 1660 quonimi·

189 1676 306 1734 enixius
319 1676 422 1747 flagito
433 1681 465 1734 ut
480 1692 534 1749 pru
561 1692 597 1734 eo
614 1678 808 1752 omnipotenti
834 1681 892 1735 lieo
912 1692 1014 1750 praees
1030 1708 1054 1767 B
1067 1698 1135 1740 rum
1149 1680 1298 1752 religionis
1313 1687 1445 1737 amatore
1457 1677 1892 1750 taliumqucadJulore,corpus

188 1764 317 1821 fundatis
333 1780 340 1819 :
354 1763 414 1820 vidi
429 1765 508 1821 enim
519 1765 550 1820 in
564 1766 711 1838 praeterito
727 1765 776 1823 die
791 1765 924 1822 animam
946 1765 1013 1836 ejus
1068 1769 1287 1826 suumbosliam
1294 1767 1595 1839 viventemsanetam,
1611 1763 1892 1836 Deoplacentemer·

187 1852 313 1924 ligatam
325 1851 585 1911 adoemonibusad
595 1853 858 1928 suppliciatrahi.»
869 1854 933 1910 llac
943 1868 1013 1910 cum
1067 1856 1173 1915 hibuit.
1189 1855 1321 1913 Cilicium
1336 1854 1416 1927 quod
1426 1853 1561 1927 asperius
1574 1853 1705 1910 invenire
1718 1855 1837 1925 poterat
1853 1849 1892 1907 ad

187 1946 352 2012 narrasset,
367 1956 505 1998 unacum
521 1942 662 2000 tratribus
675 1958 729 2017 pro
749 1943 884 2014 eiusdem
903 1943 1013 2001 animae
1067 1959 1189 2004 carnem
1204 1942 1403 2001 induebatur:
1419 1942 1462 1999 sic
1474 1943 1601 2000 intentus
1614 1940 1803 2013 eratjejunio,
1819 1944 1853 1995 ut
1865 1943 1892 1996 et

189 2028 360 2087 liberatione
372 2029 607 2103 preceslundere
620 2031 719 2105 coepit.
734 2035 822 2089 Nocte
836 2047 906 2090 vero
926 2032 1014 2090 adve-
1067 2034 1211 2108 piscibus,
1222 2033 1274 2106 qui
1297 2031 1512 2089 coenobitarum
1541 2030 1626 2088 cibus
1651 2031 1711 2087 dici
1726 2028 1891 2095 consuevit,

188 2120 288 2177 niente
302 2118 443 2176 diabulus
452 2118 556 2186 adluit,
572 2137 702 2195 eumque
710 2121 751 2178 ita
759 2121 884 2194 flagellis
897 2121 1012 2188 cecidit,
1067 2121 1266 2197 indesinenter
1279 2121 1457 2178 abstineret:
1471 2120 1602 2177 nonoris
1615 2118 1663 2176 rel
1669 2118 1754 2191 adipe
1760 2132 1893 2191 unquam

188 2212 221 2265 ut
236 2208 417 2265 seminecem
431 2223 501 2265 enm
514 2208 694 2283 relinqueret
705 2210 809 2267 dicens
830 2229 836 2266 :
857 2233 867 2261 ι
894 2211 1014 2283 (lurpro
1068 2227 1142 2267 usus
1152 2216 1208 2277 est:
1222 2210 1520 2267 caruesanativitute
1527 2223 1743 2282 suanunquam
1750 2205 1894 2264 comedit:

189 2310 225 2353 eo
237 2310 326 2353 ausus
340 2294 418 2351 luisti
433 2296 527 2353 Deum
539 2312 653 2369 rogare,
665 2298 1014 2371 quisuissoelaribusexi·
1069 2300 1134 2357 oleo
1142 2314 1273 2371 quoque,
1283 2297 1341 2354 nisi
1353 2298 1625 2355 communitercum
1635 2296 1758 2366 ceteris,
1772 2310 1897 2367 prorsus

190 2383 328 2455 gentibus
337 2383 367 2439 in
375 2387 477 2440 nostra
484 2385 554 2455 jura
561 2385 690 2453 devenit,
701 2387 935 2445 lshlansionarii
943 2402 1015 2444 vero
1069 2387 1203 2459 indiguit.
1221 2390 1307 2445 Facta
1318 2387 1449 2459 danique
1463 2386 1534 2443 dicti
1552 2385 1676 2457 liquoris
1689 2384 1821 2457 penuria,
1834 2382 1898 2440 edi·

190 2477 351 2541 currentes,
372 2488 531 2546 eumquea
545 2479 623 2532 terra
634 2476 777 2545 levantes,
788 2477 817 2533 in
830 2477 906 2535 lecto
920 2493 1015 2551 posue
1069 2477 1246 2536 ctumexivit
1258 2481 1365 2550 epatre
1373 2474 1898 2541 monasterii,necuidareturolaum,

190 2566 267 2620 runt.
281 2561 346 2619 Alia
361 2562 449 2619 aliam
465 2567 551 2622 nocte
561 2564 744 2633 adventante,
759 2581 826 2623 cum
840 2568 935 2623 Deum
959 2581 1015 2639 pro
1069 2565 1126 2624 nisi
1140 2566 1266 2623 solemni
1284 2571 1460 2622 cunctorum
1475 2564 1642 2621 relectione.
1656 2563 1762 2636 sicque
1782 2561 1898 2619 laetum

190 2650 324 2723 ejusdem
339 2651 445 2708 anime
456 2651 913 2730 liberationerogarct,antiquus
924 2655 1016 2714 hostis
1070 2659 1114 2713 est
1129 2660 1160 2712 ut
1173 2654 1257 2711 elixis
1272 2658 1386 2711 tantum
1399 2653 1599 2726 leguminibus
1610 2656 1746 2716 uteretur;
1762 2655 1802 2719 et,
1815 2649 1898 2723 qnod

190 2739 376 2797 eumiterum
399 2740 574 2811 gravissime
596 2741 773 2801 verberavit.
795 2744 891 2801 Tertia
913 2749 1015 2802 autem
1070 2748 1133 2802 erat
1144 2742 1353 2813 miserabilius,
1370 2741 1496 2815 quamn
1509 2741 1558 2798 alii
1572 2741 1682 2800 melius
1694 2737 1897 2812 prandebant,

189 2832 277 2887 nocte
291 2829 381 2887 tantis
393 2844 463 2886 eum
476 2829 615 2887 diabolus
627 2820 1015 2908 verberibusllagellavil,ut
1070 2834 1134 2907 ipse
1148 2831 1276 2890 deterius
1288 2831 1447 2889 reficiebat.
1463 2835 1536 2888 Ante
1547 2826 1897 2902 nonamnunquamrefi·

190 2917 292 2976 eiecto
306 2917 336 2975 in
349 2921 458 2976 terram
484 2919 643 2987 decideret,
665 2937 794 2996 eumque
821 2922 1014 2981 mansionarii
1070 2921 1307 2995 ciebatexceptis
1318 2921 1479 2978 Dominicis
1490 2920 1597 2978 diebus
1611 2924 1640 2978 et
1653 2917 1897 2976 solemnitatibus

190 3006 368 3065 seminecem
381 3005 558 3066 invenirent.
574 3010 666 3081 igitur
676 3028 746 3069 cum
755 3012 799 3070 vir
812 3013 861 3071 tici
874 3013 914 3071 eb
938 3012 1015 3084 eius
1072 3007 1898 3087 precipuiutrlbusinhebdomadadlebuspauedunmxat

190 3096 809 3159 damanimaeliberationemassiduelleum
823 3106 949 3174 rogaret,
959 3104 1016 3159 Leo
1029 3062 1056 3131 ⁰
1070 3107 1187 3176 etaqua
1199 3105 1362 3159 contentus.
1372 3101 1417 3160 Sic
1427 3104 1522 3158 totum
1536 3113 1651 3157 annum
1663 3114 1698 3156 ex
1708 3097 1814 3155 ordine
1826 3111 1900 3154 con·

191 3184 446 3252 bibliothecarius,
461 3186 514 3260 qui
526 3188 741 3260 polestiensis
755 3190 1016 3265 episcopuslactns
1069 3191 1383 3249 tinuabatllarissimc
1392 3188 1570 3256 dormiebat,
1577 3203 1615 3246 ue
1621 3186 1811 3263 praevaricari
1819 3185 1900 3243 vide·

192 3276 246 3339 est,
260 3273 414 3331 abeodem
427 3274 491 3331 viro
504 3276 787 3349 beirogatusdirina
800 3279 1018 3355 mysteriacsle·
1071 3280 1228 3339 returillud
1242 3281 1323 3338 :Sine
1335 3279 1548 3337 intermissione
1554 3283 1638 3336 orote
1650 3278 1679 3348 tl
1686 3276 1782 3334 Thess.
1791 3292 1820 3345 v,
1842 3275 1902 3349 lt),

192 3361 331 3419 braturus
347 3362 668 3439 accessit;cumquead
676 3366 781 3425 hostia
789 3368 1017 3426 contractionem
1071 3372 1116 3429 lla
1129 3369 1369 3427 silentiodcditus
1385 3373 1496 3440 erat‚ut
1506 3367 1616 3441 vixpar
1627 3366 1775 3436 integrum
1783 3379 1903 3422 annum

192 3448 334 3520 venisset,
350 3449 439 3508 Eblzo
451 3467 558 3526 sopore
571 3453 744 3529 deprimitur
756 3472 764 3524 ;
778 3458 975 3532 apparuitque
991 3457 1018 3514 ei
1072 3460 1129 3516 nisi
1146 3456 1622 3530 confessioniscausaloqueretur.
1632 3455 1740 3512 Aulam
1746 3453 1828 3512 beati
1835 3455 1905 3511 liar-

194 3538 332 3597 diabolus
345 3539 448 3597 dicens
464 3558 471 3597 :
485 3561 499 3594 a
514 3544 581 3599 Cum
596 3542 783 3618 tuispsalmis
798 3548 1019 3606 etorationibus
1072 3544 1445 3620 molomei,quabasiltce
1455 3544 1555 3603 Sancti
1562 3541 1903 3601 benedictilateraliscsl

196 3627 323 3687 animam
335 3627 522 3703 depotestale
532 3647 600 3689 mea
611 3631 776 3693 abstraxisti
785 3635 852 3710 (88).
867 3638 1020 3695 »Tuncvir
1073 3641 1162 3709 atque
1172 3637 1323 3709 contigua,
1333 3636 1420 3707 quasi
1430 3635 1633 3693 consistorium
1648 3633 1727 3700 lecit,
1743 3636 1775 3689 ut
1788 3631 1902 3689 incluso

197 3716 249 3775 liei
263 3716 407 3789 evigilans
418 3721 477 3777 ileo
489 3721 599 3792 gratim
609 3723 715 3792 retulit,
744 3730 772 3782 el
796 3725 880 3799 quod
906 3727 1022 3786 viderat
1073 3722 1904 3799 corporinegareturborisetmomentisercursus3qnam

196 3810 226 3865 ct
239 3807 384 3877 audierat,
398 3808 536 3867 iratribus
555 3812 748 3885 perordinem
768 3815 882 3888 pandit.
907 3818 1022 3876 interea
1074 3815 1216 3872 nimirum
1231 3828 1286 3887 pro
1299 3827 1400 3870 eremo
1409 3811 1610 3869 indesinenter
1621 3807 1904 3883 babitans,sbsqua

198 3911 214 3954 e
228 3894 323 3954 Gallia
337 3895 489 3956 Alemanni
502 3916 571 3957 cum
581 3900 781 3972 advenissent,
795 3905 894 3963 virbei
908 3905 946 3963 de
957 3907 982 3979 ej
988 3923 1022 3964 us
1075 3901 1385 3976 mendaelupsullebat
1396 3900 1621 3973 31iccsctcnpaci
1630 3896 1904 3971 sequacetmmsi

197 3985 280 4044 obitu
289 3985 455 4058 inquirens,
473 4003 511 4045 aa
523 3988 596 4047 hora
610 3989 692 4049 illum
706 3993 816 4050 invenit
843 3994 881 4051 de
906 3996 1021 4054 mundo
1076 3995 1107 4049 is
1121 3992 1277 4050 solitudine
1286 3991 1375 4050 (Paul.
1391 3991 1493 4064 usui).
1509 3989 1593 4047 Nullo
1606 3993 1903 4062 cerletempnrepra·

198 4073 355 4144 migrasse,
369 4090 431 4148 qua
445 4075 509 4149 ipse
520 4078 585 4151 ejus
593 4081 726 4138 animam
737 4081 775 4139 ad
788 4083 933 4157 supplicia
945 4084 1022 4141 trahi
1076 4083 1138 4142 lata
1154 4078 1343 4149 udeexibat,
1363 4079 1420 4136 nisi
1435 4078 1479 4135 vel
1491 4077 1669 4136 obedientiae
1685 4081 1843 4151 proventu,
1856 4075 1902 4133 vel

197 4169 401 4238 prospexerat.
416 4165 552 4231 Quodam
579 4174 721 4242 praterea
734 4175 868 4245 tempore
892 4188 960 4230 cum
983 4173 1023 4230 ab
1076 4172 1218 4229 humanas
1234 4167 1417 4225 necessitatis
1431 4166 1563 4241 impulsu
1577 4184 1585 4234 ς
1600 4172 1632 4223 ut
1641 4182 1706 4223 cum
1729 4165 1819 4223 heato
1846 4164 1903 4221 tob

199 4253 308 4311 abbata
323 4253 482 4311 Venafrum
496 4255 603 4314 missus
615 4257 727 4332 luisset,
758 4262 916 4319 constituto
939 4262 965 4319 ei
993 4263 1024 4320 in
1077 4254 1903 4327 dicerevideretur:lenteutcmeomurturttct¹11¹,

199 4344 322 4401 eeclesia
332 4343 467 4401 diabulus
482 4345 586 4417 adluit,
595 4363 725 4422 eumque
740 4349 834 4407 taliter
846 4350 957 4425 alloqui
966 4369 1024 4409 coe·
1078 4347 1225 4422 l⁸).Unde
1234 4346 1346 4404 lactum
1357 4350 1400 4402 est
1413 4344 1758 4402 uthominuminterdicla
1765 4344 1906 4416 frequen

198 4432 1024 4508 pit:»Abbasvesterplusgeritsollicitudinemdarehua
1041 4429 1064 4490 D
1080 4438 1129 4504 tia,
1139 4437 1249 4509 saepius
1263 4433 1463 4505 cumangelis,
1473 4432 1906 4506 veldaemoulisquanrcumbo

199 4521 376 4579 transitoriis
391 4525 418 4579 el
428 4523 648 4598 caducisquam
657 4524 694 4582 de
705 4528 872 4596 monachis,
882 4529 1025 4602 multaque
1079 4522 1695 4583 minibusconfabulareturllabueralenim
1713 4525 1906 4579 anteconser-

197 4611 256 4684 jam
270 4610 345 4667 mala
351 4610 525 4669 sustinuisti.
539 4615 622 4670 Nunc
633 4612 796 4685 igiturtulle
810 4616 925 4689 pallium
937 4618 1025 4703 istud,
1081 4613 1365 4685 sionemquemdam
1372 4610 1629 4669 familiarissimum
1635 4612 1765 4669 Adonem
1771 4615 1903 4682 nomine,

200 4698 310 4772 tibique
324 4713 418 4772 penes
428 4698 533 4756 exinde
547 4715 623 4758 eme.
639 4721 653 4755 s
671 4703 720 4759 Cui
733 4703 776 4762 vir
792 4704 839 4761 Del
849 4706 1025 4780 respondit:
1080 4701 1276 4779 predivitem,
1284 4701 1470 4774 quiplurima
1476 4700 1857 4775 beneficiasibiconierens,
1869 4705 1906 4763 ad

202 4806 214 4841 a
235 4786 362 4846 Pallium
377 4789 460 4844 tuum
476 4791 572 4846 tecum
583 4788 620 4847 sit
638 4789 668 4847 in
682 4791 888 4864 perditionem.
909 4815 923 4848 a
944 4796 1026 4852 Tunc
1081 4797 1245 4850 extremum
1260 4790 1442 4865 quibusdam
1453 4806 1522 4848 eum
1537 4791 1773 4864 adiecitlnjuriis.
1785 4796 1906 4852 Satanae

200 4878 301 4938 statim
313 4876 444 4950 recessit,
458 4881 486 4935 et
501 4894 517 4935 a
531 4882 606 4937 tecto
618 4880 695 4938 duos
708 4881 833 4956 lapidas,
844 4884 1026 4957 quibuscum
1081 4899 1151 4941 vero
1166 4880 1302 4939 satellites
1317 4881 1371 4938 rati
1383 4879 1531 4937 hominem
1548 4879 1597 4937 liei
1612 4880 1740 4939 uindicta
1760 4885 1904 4953 gaudere.

199 4971 352 5043 percutere
365 4972 465 5041 posset
476 4969 609 5043 projecit,
626 4970 679 5027 lllo
705 4986 777 5028 vero
806 4975 941 5046 tempore
963 4990 1025 5048 quo
1079 4971 1110 5028 in
1122 4970 1222 5042 vigilia
1233 4969 1343 5026 natalis
1356 4967 1471 5026 homiui
1492 4969 1588 5025 oranti
1612 4969 1648 5037 ei,
1671 4975 1701 5026 et
1720 4985 1784 5044 prm
1809 4973 1907 5030 nimia

201 5055 239 5114 de
251 5057 307 5115 hac
319 5057 379 5115 rita
393 5062 454 5116 erat
466 5059 610 5132 exiturus,
630 5058 715 5118 beata
731 5061 780 5118 liei
795 5061 920 5135 genitrix
935 5078 1027 5137 appa·
1079 5058 1255 5119 lassitudine
1263 5058 1328 5133 jam
1348 5056 1558 5115 somniculanti
1573 5059 1628 5116 visi
1642 5060 1843 5134 suntquodam
1859 5062 1907 5118 tri·

237 5199 295 5272 (88)
307 5201 422 5259 Diaboti
434 5203 639 5263 monimntum
648 5208 911 5266 „mommerlo
921 5208 1028 5266 admit.
1080 5218 1146 5260 men
1155 5203 1213 5260 hee
1229 5216 1320 5272 super
1330 5216 1362 5257 ra
1376 5198 1540 5271 theologice
1559 5200 1625 5258 beic
1638 5199 1799 5274 disputem,
1809 5202 1904 5260 utinm

201 5273 252 5330 tet.
264 5274 339 5330 Nam
356 5273 514 5347 quodipse
527 5276 620 5334 biblio
656 5279 752 5351 aphes
768 5284 872 5351 postea
885 5280 1026 5350 affirmat,
1081 5275 1148 5348 ipse
1162 5274 1234 5330 uum
1247 5274 1311 5341 ieci,
1332 5273 1381 5346 ttui
1397 5271 1436 5329 ad
1449 5269 1794 5346 NicephOtisslemmydae
1816 5289 1834 5331 a
1858 5288 1905 5330 1¹¹⁰

200 5341 231 5399 id
267 5359 363 5416 noque
376 5360 411 5400 ex
423 5344 481 5403 boc
492 5345 604 5404 diaboli
641 5349 833 5421 ictopcndet.
854 5351 903 5408 Est
929 5357 1027 5409 autem
1081 5342 1905 5419 editamorationemsatisdisseruideillorumopinione

200 5358 354 5496 sagacilate
365 5414 652 5497 Eucclesiaedoctrtna
664 5421 840 5478 sententiam
861 5421 1024 5480 damnatio
1080 5416 1131 5491 qui
1143 5416 1261 5498 Trajan}
1279 5415 1352 5487 imil-
1368 5415 1502 5471 animem
1513 5414 1651 5486 precibus
1666 5416 1695 5472 S·
1709 5415 1903 5489 GregoriiPP·

199 5498 247 5542 rus
261 5491 330 5559 post
341 5485 455 5545 obitum
466 5502 531 5546 esse
544 5489 780 5549 irrevocabilem.
796 5493 963 5561 Quominus
988 5498 1029 5553 ta·
1081 5487 1121 5546 ab
1136 5486 1237 5545 interis
1249 5484 1407 5545 ulberm
1420 5490 1625 5545 autumarunt.
