3884 6050
215 75 291 161 risi
799 59 801 68 ’
836 92 1012 159 rinconis
1032 91 1290 155 snusvsnranr
1848 95 1922 152 rese

210 229 366 294 varnarius,
374 227 594 301 conspiratione
606 227 725 284 firmata
737 225 1037 285 eumdellonteluscn
1055 226 1076 287 Α
1092 224 1239 297 pontificis
1253 230 1282 282 et
1296 226 1471 284 universalis
1480 241 1573 298 papa,
1587 223 1811 286 menseltartio,
1821 223 1922 295 prims

210 316 305 387 ejecit.
321 317 374 390 qui
387 316 483 373 taliter
497 317 610 388 ejectus
625 322 754 373 castrum
775 317 918 374 llorcouis
933 314 1037 380 adivit,
1092 314 1271 384 indictionis,
1288 313 1624 390 supradictusCallistus
1636 312 1769 386 pontifex
1797 312 1919 368 cousins

208 404 311 478 ibique
320 421 374 479 per
385 405 782 479 annumhabitavitsqnihns
790 406 829 463 ita
837 403 1038 479 patratis,dux
1092 404 1195 460 salutis
1210 411 1344 478 accepto,
1360 405 1599 463 ultramontanos
1610 418 1715 459 omnes
1730 402 1792 459 fere
1809 402 1920 474 episeo

208 493 271 565 ipse
280 495 413 551 Mentem
428 495 586 552 Corvinum
602 494 709 551 Salerni
725 495 893 567 proximum
910 492 1036 551 obsedit.
1093 509 1156 566 pos,
1170 499 1198 550 et
1209 495 1460 567 archiepiscopos,
1476 499 1505 550 et
1520 492 1654 558 abbates,
1669 497 1697 547 et
1708 492 1811 556 totius,
1829 497 1866 547 ut
1891 491 1927 547 ite

210 581 1038 657 Fuleoitaquedominuscastriillius,qniaresisterenon
1093 582 1201 650 dicam,
1217 581 1309 639 ltaliae
1325 581 1520 639 Ecclestarnm
1541 585 1670 654 pastores
1693 579 1838 636 accersiri
1855 595 1926 651 prae-

210 674 336 744 poterat,
351 670 505 728 castellum
522 671 591 727 illud
613 670 696 728 ducis
721 670 860 729 submisit
886 668 1038 744 potestati.
1093 672 1521 743 cepit,quatenus(30),sanota
1535 667 1925 741 synodalieoniabulatione

211 759 322 816 Eodem
337 764 471 831 tempore
485 759 659 827 llichardas,
675 759 753 816 filius
778 759 898 816 Guarini
914 759 952 815 de
972 760 1038 814 For·
1094 760 1222 826 firmata,
1238 764 1360 833 pactum
1375 775 1443 817 cum
1455 759 1634 828 imperatore
1648 757 1775 813 llenrico
1790 758 1927 829 positum

212 848 297 915 mari,
311 864 330 904 a
342 845 458 904 villanis
473 850 534 905 suis
545 854 588 904 est
601 848 774 906 trucidatus.
791 849 921 905 Audiens
938 853 1039 904 antem
1094 855 1238 921 perpetuo
1246 845 1851 918 confirmaret.ddcnjussacriconveatus
1859 861 1926 918 pra

211 936 274 992 dux
286 937 516 1009 prenominatus
524 935 897 994 taliterRichardumillum
913 935 1041 993 trucida·
1095 939 1222 994 sentiam
1238 935 1397 1005 liutfridus,
1407 938 1629 994 Beneventanus
1642 934 1775 1001 antistes,
1799 934 1926 990 honeste

212 1029 276 1081 tum
293 1040 367 1096 esse,
380 1029 561 1097 congregato
573 1026 702 1082 exercitu
713 1029 836 1083 Mortem
849 1025 950 1081 Vicum
962 1023 1041 1080 iesti-
1094 1025 1273 1099 properavit.
1295 1025 1438 1083 Ordinato
1453 1021 1690 1098 itaquaconcilio
1705 1022 1756 1078 tali
1772 1028 1804 1078 et
1834 1027 1926 1085 tanto

212 1115 302 1184 navit,
315 1121 343 1172 et
357 1114 523 1171 inauditam
538 1115 576 1171 de
587 1114 745 1171 homicidis
757 1114 814 1172 illis
830 1115 944 1186 accepit
957 1111 1042 1169 ultio·
1094 1115 1278 1186 apostolicus
1288 1114 1350 1188 ipse
1363 1113 1542 1171 sacramenti
1551 1110 1839 1185 privilegium‚qu0d
1857 1127 1926 1184 prae.

212 1200 1039 1276 nem,etcastellumilludigne,ferroqueconsummavit;
1095 1204 1191 1260 dictus
1201 1205 1363 1277 imperator
1380 1201 1571 1259 constituerat
1583 1200 1676 1274 pacis,
1704 1200 1736 1256 in
1758 1204 1928 1272 conspeetu

212 1294 241 1346 et
254 1290 332 1347 duos
348 1290 545 1361 presbyteros,
560 1291 614 1363 qui
628 1291 667 1348 ad
688 1298 811 1347 mortem
826 1290 902 1346 illius
916 1304 1040 1346 consen·
1096 1294 1227 1350 omnium
1241 1292 1288 1365 qui
1302 1295 1500 1349 couvenerant
1514 1289 1623 1346 adduci
1638 1293 1666 1346 et
1686 1287 1743 1361 legi
1770 1288 1926 1361 praecepit.

213 1382 324 1443 serant,
344 1376 453 1449 laqueo
468 1378 630 1449 suspendit.
647 1380 698 1435 llis
722 1379 846 1453 aliisque
861 1377 987 1451 negotiis
998 1378 1042 1434 ita
1096 1379 1754 1444 Continuoahomuihusconfirmatumest,et
1768 1393 1928 1433 commen·

211 1465 423 1532 decursisdux
438 1466 485 1522 ille
501 1466 617 1535 milites,
633 1467 1042 1540 quosacomitellogerioac·
1096 1470 1211 1528 datum.
1237 1475 1313 1526 tuter
1336 1475 1443 1525 caetera
1471 1483 1540 1526 vero
1563 1483 1632 1540 quas
1660 1466 1701 1523 ihi
1723 1471 1841 1523 statuta
1851 1472 1926 1530 sunt,

211 1558 340 1626 ceperat,
365 1554 391 1611 ei
417 1555 551 1611 remisit:
578 1572 709 1630 cumque
734 1557 808 1613 sicut
832 1554 1039 1628 prediximus,
1055 1585 1078 1644 Β
1096 1553 1924 1629 treugamDeitenendamposuerunt.ltemvinculisana·

210 1641 361 1699 Jordanus
375 1659 476 1699 comes
488 1644 808 1711 exheredatusturssst,
821 1643 947 1701 consilio
963 1646 1041 1713 ugo·
1097 1646 1232 1705 thematis
1247 1645 1377 1716 alligavit
1392 1644 1570 1718 apostolicus
1580 1644 1655 1716 ipsc,
1669 1643 1767 1716 siquis
1780 1645 1922 1699 Beneven-

211 1731 258 1788 nis
272 1730 405 1801 tutantis,
422 1740 450 1788 et
474 1734 582 1789 huonis
595 1734 632 1790 de
654 1734 798 1798 Boscone,
820 1738 848 1790 et
869 1731 979 1790 Raouis
1004 1732 1042 1788 de
1099 1744 1200 1796 tanam
1214 1735 1362 1791 civitatem
1387 1751 1422 1791 ex
1437 1733 1518 1790 Beati
1543 1733 1619 1790 Petri
1643 1736 1788 1805 potestate
1809 1731 1922 1789 auterre

213 1821 347 1878 Freineta
360 1821 490 1888 invento,
504 1822 661 1879 Castellum
675 1820 1041 1896 Paludiscomprehendit.
1098 1831 1220 1882 tentaret
1237 1830 1280 1888 tet
1293 1825 1385 1879 multa
1395 1822 1464 1888 alia,
1480 1822 1625 1895 quaehuic
1640 1820 1788 1893 opusculo
1803 1820 1922 1890 affigere

212 1909 345 1965 Audiens
360 1915 460 1965 autem
476 1908 536 1966 dux
554 1911 785 1981 praenominatus
799 1910 953 1968 castellum
968 1907 1043 1965 illud
1096 1912 1217 1982 tongum
1231 1912 1328 1968 visum
1342 1910 1429 1968 uobis
1444 1916 1499 1969 est:
1518 1909 1692 1979 excogitans
1703 1909 1827 1982 quidem
1836 1908 1924 1964 meia-

213 2005 336 2070 ⁰³pltlffl
360 1997 458 2064 fuisse,
473 1997 790 2068 8¹0rssil¹1³88r088102
816 2004 945 2054 castrum
968 1996 1040 2053 illud
1097 2003 1186 2059 stidia
1200 2002 1321 2067 addere,
1338 2001 1363 2055 si
1376 1999 1475 2056 libello
1490 1997 1540 2055 tali
1558 1999 1924 2070 universacomponerem.

214 2086 330 2143 0b⁸0dil
345 2085 501 2142 mensibus
515 2086 622 2142 itibus·
639 2086 771 2143 Tandem
787 2086 847 2141 dux
861 2085 909 2142 ille
924 2084 1041 2151 videns,
1097 2091 1251 2149 aliassero
1274 2088 1536 2161 scriptaomnia,et
1549 2084 1829 2143 notatainvenietis.
1844 2084 1917 2140 Audi

213 2176 286 2247 quia
296 2175 338 2231 sic
350 2174 408 2231 cito
420 2174 555 2245 capinon
569 2179 694 2246 poterat,
707 2174 1042 2248 principemJordanum
1098 2181 1197 2237 vimus
1209 2183 1320 2242 autem,
1329 2181 1358 2232 et
1374 2176 1453 2248 quod
1467 2190 1570 2231 revera
1582 2179 1626 2230 est
1640 2174 1859 2246 comperimus.
1875 2173 1926 2228 tate

214 2265 424 2334 capuanorum
440 2264 565 2333 rogavit,
581 2269 612 2319 ut
633 2264 658 2319 ei
670 2262 813 2319 auxilium
838 2261 991 2335 preberet,
1013 2268 1043 2318 et
1098 2274 1274 2339 tantumque
1287 2267 1368 2338 pacis
1378 2268 1601 2321 firmamentum
1618 2263 1694 2319 inira
1708 2265 1878 2319 Romanam
1887 2279 1924 2317 ur·

214 2366 270 2423 pro
280 2349 389 2407 auxilio
404 2350 558 2406 offerendo
571 2351 726 2407 castellum
736 2351 842 2423 Apicis,
856 2357 884 2407 et
897 2352 1041 2407 Auernum
1098 2355 1167 2412 hem
1177 2354 1359 2428 temporibus
1369 2351 1923 2425 praedictiapostolicladvenisse,quod

214 2438 1043 2513 ellargitur.Continuoprincepsipsc,congregatoexer·
1097 2444 1313 2509 nemocivinm,
1323 2440 1561 2512 velaligenigena
1573 2457 1667 2507 arma,
1682 2440 1757 2496 sicut
1767 2456 1925 2496 consuere

215 2527 284 2594 citu,
302 2543 390 2599 super
402 2526 501 2599 apicis
513 2535 641 2584 castrum
654 2527 786 2596 advenit,
800 2534 828 2584 et
842 2544 877 2584 ex
892 2530 947 2585 hac
959 2533 1043 2601 parte
1098 2538 1154 2600 rat,
1176 2532 1251 2588 ferre
1263 2547 1358 2588 ausus
1373 2534 1416 2586 est
1432 2546 1440 2597 ;
1455 2535 1483 2585 et
1507 2528 1632 2585 concilio
1654 2528 1812 2593 celebrato,
1844 2528 1925 2583 liene

214 2616 623 2689 inplacitiecastrametatus
642 2621 697 2673 est.
723 2619 866 2674 Praeterea
891 2616 953 2673 dux
983 2617 1043 2689 ipse
1099 2618 1482 2691 ventumvcnitpraedictus
1513 2617 1693 2688 apostolicus
1725 2614 1879 2683 Callistus,
1903 2620 1925 2669 et

214 2703 431 2762 Beneventanis
447 2704 613 2772 mandavit,
630 2710 663 2763 nt
685 2720 783 2778 neque
802 2704 867 2771 sibi,
883 2720 981 2777 neque
996 2719 1044 2760 co·
1098 2706 1803 2781 quaedamnegotiaBeneventanorumtraotavit.

216 2794 281 2852 miti
295 2793 423 2851 lordono
443 2793 584 2851 auxilium
601 2800 784 2867 prestarent,
799 2799 829 2851 et
841 2794 925 2850 deret
939 2792 991 2864 eis,
1016 2796 1046 2849 et
1099 2796 1211 2853 Eodem
1230 2812 1311 2853 anno
1325 2794 1518 2867 landulphus
1543 2795 1581 2851 de
1614 2796 1715 2851 Graeca
1739 2793 1924 2866 supranomi

216 2883 392 2941 concederet
405 2889 480 2940 totas
496 2883 632 2940 fidantias
645 2890 673 2942 et
697 2882 865 2957 pensiones,
881 2898 950 2955 quae
965 2897 983 2938 a
998 2897 1046 2938 ca·
1099 2891 1197 2952 natus,
1212 2899 1266 2952 xtr,
1281 2884 1433 2942 Kalendas
1444 2883 1613 2940 Decembris
1623 2882 1706 2940 obiit.
1727 2885 1755 2939 et
1765 2881 1807 2938 ad
1837 2880 1924 2938 Eccle

218 2973 303 3030 stello
331 2973 488 3040 Fenuculo,
506 2978 535 3030 et
550 2989 645 3047 usque
660 2971 700 3030 ad
723 2971 877 3030 castellum
898 2969 1046 3029 ltontisiu-
1061 2963 1085 3023 C
1101 2975 1177 3032 siam
1191 2991 1277 3033 suam
1293 2975 1322 3031 S.
1334 2972 1594 3046 llarimisepultus
1609 2977 1662 3029 est.
1678 2973 1813 3044 Cumque
1827 2970 1925 3044 praedi

218 3062 292 3120 sculi
312 3063 429 3119 exibant
444 3063 482 3118 de
503 3062 726 3119 hereditatibus
742 3063 1019 3119 Beneventancrum
1035 3077 1043 3128 ;
1102 3069 1167 3121 ctus
1178 3064 1310 3137 pontilex
1318 3064 1455 3120 Callistus
1464 3063 1663 3119 Beneventum
1679 3061 1818 3129 venisset,
1828 3062 1924 3117 vocari

217 3152 297 3227 qnod
305 3151 519 3208 Beneventanis
532 3151 808 3226 complacuit,etsic
816 3152 911 3224 pactis
922 3150 1044 3207 ilrmatis
1101 3152 1170 3210 iecit
1189 3152 1348 3226 praefatum
1364 3151 1530 3208 lintfridum
1551 3150 1822 3223 archiepiscopum,
1842 3154 1926 3205 utau-

214 3242 348 3314 juratum
363 3245 409 3297 est
436 3240 473 3296 ab
489 3245 610 3314 utraque
625 3246 718 3314 parte.
733 3241 868 3314 Cumque
883 3254 985 3296 comes
998 3239 1044 3295 illc
1101 3241 1177 3298 diret
1190 3242 1393 3315 quorumdam
1405 3240 1513 3296 civium
1520 3241 1735 3303 accusationes,
1751 3237 1927 3311 quoeeiinte

216 3328 374 3393 Jordanus,
387 3327 483 3385 taliter
503 3344 534 3384 se
547 3334 684 3385 coactum
708 3329 866 3401 aspiciens,
890 3328 921 3384 in
936 3343 1045 3384 manus
1101 3329 1257 3387 rebantur.
1274 3334 1438 3386 Accusatus
1450 3328 1530 3384 enim
1541 3328 1637 3385 tuerat
1650 3342 1712 3400 quo
1726 3325 1747 3382 d
1763 3326 1925 3382 simoniace

216 3415 347 3490 predicti
353 3415 494 3488 principis
505 3431 546 3482 sc,
558 3421 587 3472 et
595 3415 753 3474 Castellum
765 3416 882 3473 Paludis
892 3416 1042 3473 submisit:
1102 3417 1376 3490 archiepiscopatus
1391 3418 1536 3474 honorem
1543 3416 1715 3488 accepisset.
1728 3415 1811 3471 Tunc
1825 3412 1926 3486 praesul

215 3510 244 3560 et
258 3502 323 3576 ipse
335 3504 473 3560 sumsuls
483 3503 632 3577 praedictis
647 3504 803 3572 consociis,
815 3505 1043 3572 indeexeuntes,
1101 3507 1176 3578 ipse,
1190 3505 1305 3563 vocatis
1314 3504 1499 3578 quibusdam
1515 3503 1714 3576 suffraganeis
1726 3503 1788 3558 suis
1822 3510 1854 3560 et
1868 3519 1925 3576 pne·

214 3592 252 3649 ad
268 3593 389 3667 proprie
404 3593 511 3649 reversi
527 3598 596 3651 sunt
607 3612 616 3666 3
626 3610 726 3651 comes
748 3609 818 3651 vcro
833 3594 980 3650 lordanus
996 3610 1044 3650 ca·
1102 3594 1229 3668 sbyteris
1241 3594 1377 3659 civitatis,
1385 3609 1499 3651 sacrum
1520 3593 1652 3650 ascendit
1668 3592 1821 3666 palatium,
1845 3598 1877 3648 ot
1887 3608 1924 3649 ac·

216 3686 311 3738 strum
325 3682 473 3738 llorccnis
485 3682 639 3753 ingressus
651 3688 696 3739 est
709 3699 716 3751 ;
731 3687 760 3740 et
775 3684 815 3739 sic
834 3698 905 3756 pace
928 3681 1045 3739 firmata
1101 3682 1417 3751 cusatoribusauditis,
1427 3682 1563 3738 inducias
1571 3682 1739 3753 postulavit,
1751 3684 1780 3737 et
1801 3680 1925 3752 acceptis

214 3771 353 3844 princeps
369 3771 431 3843 ipse
445 3771 579 3845 Capuam
595 3778 753 3840 revertens,
770 3771 952 3844 temporibus
968 3770 1044 3827 mul·
1101 3772 1240 3839 induciis,
1259 3770 1414 3843 respondit
1425 3790 1457 3831 1«
1472 3771 1596 3828 Paratus
1612 3787 1689 3827 sum.
1705 3771 1793 3826 Pater
1809 3770 1924 3826 sanctie

216 3861 250 3917 tis
261 3860 510 3932 castrumtpicia
524 3867 552 3917 et
563 3862 710 3918 Acernum
720 3860 857 3918 obtinuit.
868 3859 1045 3917 Deindedux
1101 3861 1187 3925 sime,
1201 3862 1287 3932 juxta
1297 3860 1442 3917 canonica
1453 3859 1586 3916 instituta
1605 3859 1644 3916 ab
1657 3859 1836 3931 hispurgari
1847 3874 1923 3916 aean

213 3948 261 4006 ille
276 3963 364 4021 super
381 3955 509 4005 castrum
523 3949 660 4006 Marcone
672 3949 788 4018 milites,
806 3954 834 4005 et
847 3948 982 4022 peditum
997 3963 1044 4004 ca·
1102 3950 1280 4016 sationibus,
1297 3954 1476 4015 etvestram,
1489 3949 1574 4022 sequi
1587 3948 1759 4021 iussionem.
1769 3969 1784 4000 o
1794 3948 1922 4004 Tandem

213 4043 314 4095 torvas
329 4038 478 4110 opposuit,
494 4038 626 4107 cogitans
641 4044 668 4095 et
691 4038 831 4096 comitem
847 4044 875 4093 st
889 4035 1044 4094 castellum
1099 4038 1210 4112 juravit
1221 4038 1284 4111 ispe
1293 4038 1421 4111 primum
1436 4038 1505 4111 (stt,
1520 4054 1588 4094 cum
1600 4036 1718 4095 duobus
1728 4036 1890 4109 episcopis,
1901 4040 1924 4090 et

214 4125 288 4185 illud
301 4141 363 4182 suec
375 4125 509 4182 obtinere
519 4125 635 4193 ditioni,
652 4127 733 4198 quod
746 4126 843 4183 iacere
857 4125 980 4182 minime
993 4141 1046 4197 po·
1102 4126 1580 4200 tribuspresbyteris,simoniace
1600 4140 1660 4182 non
1692 4124 1785 4181 tuisse
1820 4125 1926 4194 ingres

215 4215 280 4274 tuit.
297 4213 407 4271 Deinde
426 4215 487 4272 dux
503 4214 646 4288 praelatus
662 4215 819 4273 Salernum
840 4213 941 4280 adivit,
961 4213 1044 4269 etde
1102 4232 1169 4272 snm

213 4304 330 4375 multis,
342 4304 494 4378 variisque
509 4305 677 4372 sudoribus,
685 4320 927 4378 quosperpessus
938 4283 1043 4369 derat,
1060 4310 1083 4373 ι)
1136 4306 1223 4361 Anno
1245 4303 1315 4359 teat
1331 4301 1491 4359 [lominica
1506 4299 1728 4368 lucarnationis,
1749 4305 1778 4357 et
1805 4317 1836 4357 vr
1855 4316 1924 4358 enno

142 4415 147 4425 ·
213 4393 348 4467 requiem
363 4393 488 4465 adeptus
498 4392 676 4466 est3sieque
693 4394 836 4467 usquead
851 4392 932 4449 diem
944 4391 1045 4448 obitus
1101 4392 1293 4467 pontificatus
1307 4391 1422 4449 domini
1436 4392 1544 4448 Callisti
1554 4406 1651 4465 papae.
1663 4393 1723 4448 Hoc
1732 4405 1818 4448 anno
1829 4391 1925 4465 presis-

214 4484 267 4547 sui,
281 4488 360 4538 terra
372 4481 551 4537 suiducatns
563 4497 581 4538 a
592 4482 739 4538 bellorum
750 4480 917 4538 turbinibus
931 4480 1045 4536 silnitet
1100 4487 1148 4540 tus
1162 4480 1311 4538 Rotiridus
1327 4483 1549 4538 Beneventanus
1575 4482 1704 4547 antistes,
1729 4480 1861 4538 consilio
1882 4480 1924 4536 ad

214 4569 334 4643 quievit.
352 4571 384 4625 Et
396 4569 462 4642 ipso
477 4569 757 4637 anno,duodecimo
767 4570 815 4626 die
827 4571 1045 4627 intrantemen-
1100 4580 1195 4644 cepto,
1205 4586 1314 4642 corpus
1329 4569 1503 4626 sanctissini
1517 4569 1614 4627 Patris
1629 4570 1720 4626 nostri
1735 4568 1870 4635 Barbati,
1883 4570 1923 4625 Be

215 4659 256 4714 sis
270 4659 405 4728 Augusti,
421 4658 680 4730 copiapisciumin
695 4659 805 4715 Caloris
815 4657 939 4715 flumine
953 4673 1045 4730 appa·
1100 4658 1263 4716 neventani
1278 4656 1923 4730 proesnlis,exaltaristumba,quapermulta

214 4746 284 4814 ruit,
304 4747 345 4803 ita
359 4745 1044 4820 quodmulieres‚etvirimanibustantum,sine
1100 4746 1395 4806 annorumcurricula
1413 4747 1577 4820 quieverat,
1594 4745 1925 4805 abstraxit:altarerern

215 4836 339 4905 retibus,
362 4834 528 4907 capiebant.
1100 4836 1174 4893 illud
1187 4851 1246 4892 non
1261 4836 1478 4909 bonesteprout
1488 4835 1623 4903 decebat,
1635 4835 1812 4904 habebatur,
1832 4838 1923 4908 praeci

253 4927 339 4982 Anno
358 4925 427 4982 ttae
451 4923 614 4981 Dominicae
640 4924 864 4991 lucarnationis,
892 4927 920 4980 et
937 4924 1045 4997 quinto
1101 4925 1241 4998 puequia
1256 4922 1486 4982 structurauovi
1503 4924 1690 4997 episcopliad
1705 4924 1807 4981 locum
1837 4925 1924 4999 ipsius

216 5029 298 5072 anno
313 5013 504 5088 pontificatus
527 5013 641 5071 domini
661 5013 769 5073 Callisti
783 5012 915 5079 secundi,
933 5012 1046 5069 summi
1101 5013 1447 5088 atterisprndocebatur:
1463 5013 1574 5072 ideirco
1588 5014 1659 5072 inde
1691 5015 1824 5072 amoveri
1845 5016 1926 5089 juxte

254 5237 312 5311 (30)
332 5242 362 5295 ln
372 5242 542 5310 presentem
559 5237 647 5294 etiam
661 5253 771 5293 annum
783 5236 858 5294 hanc
872 5238 1047 5293 Lateranen·
1101 5235 1313 5293 Beroniuseam
1326 5234 1427 5293 statuit
1438 5237 1475 5292 ad
1486 5236 1699 5294 antecdentem.
1708 5237 1833 5295 Psaros.

217 5324 280 5368 sem
295 5311 437 5383 synodum
452 5309 569 5381 conjicit
581 5310 723 5366 llobertus
746 5311 781 5365 de
796 5311 901 5376 Monte,
917 5313 946 5365 et
960 5309 1047 5364 Claro·
1138 5308 1198 5378 (31)
1211 5306 1355 5381 Canonica
1370 5323 1405 5363 ea
1431 5306 1578 5365 dicebatur
1604 5308 1747 5381 purgatio,
1763 5310 1799 5365 de
1815 5327 1872 5383 qua
1882 5311 1920 5364 ln-

218 5383 303 5440 nicon
319 5378 493 5442 Ciccanense
507 5395 514 5447 ;
530 5396 616 5452 aqua
639 5379 782 5438 sententia
803 5385 986 5451 statqunque
1002 5378 1048 5434 tli-
1102 5384 1166 5435 reto
1189 5377 1226 5434 ad
1245 5378 1372 5445 leonem,
1395 5378 1515 5453 aliisque
1545 5380 1707 5447 observata,
1750 5396 1810 5436 non
1822 5390 1918 5455 repeto.

217 5455 327 5534 gurdus
341 5453 368 5509 lo
385 5452 537 5526 haderico,
562 5457 594 5509 ut
619 5451 780 5524 expositum
801 5455 845 5508 cst
863 5468 959 5523 supra,
989 5451 1046 5507 sed
1103 5452 1225 5509 Prason.
