3884 6050
192 118 257 181 8⁰³
298 108 302 115 ’
693 108 822 174 ΙΕθΝΙὸ
841 106 1044 172 uenatum
1062 108 1113 171 ΕΤ
1131 106 1239 171 remi
1259 106 1410 173 budoni
1544 127 1546 131 ’
1854 107 1940 168 ece

228 250 275 305 tt.
288 246 356 304 tam
370 244 430 302 iere
442 257 540 302 annus
553 240 1017 307 intelilluctuaticnetransicral,
1028 242 1058 313 ig
1072 239 1155 298 ntem
1166 255 1389 314 quemcumque
1398 238 1524 314 ipseillle
1536 236 1866 313 musulnbsctipsum
1876 238 1920 295 illi
1939 240 1940 271 t

191 352 252 413 quo
265 337 297 392 iu
308 332 547 407 apostoliceeede
559 332 660 391 nullus
668 335 849 406 pastorerat,
859 329 1019 388 nullusdo·
1072 326 1170 403 parati
1179 333 1281 387 essent
1290 329 1408 403 eligere.
1417 329 1575 387 [indacum
1581 328 1686 388 cencio
1697 328 1920 385 Romanorum

189 425 290 484 minici
300 423 399 496 gregis
414 437 520 479 curam
533 421 667 494 regebat,
680 428 709 480 et
724 421 877 478 Guibertus
886 418 1021 477 ceresiac-
1074 416 1198 474 conserte
1208 417 1332 477 consilio
1345 417 1458 487 habito,
1474 415 1597 475 tandem
1611 421 1645 474 nt
1657 414 1833 473 liostiencis
1854 417 1921 489 epi·
1939 434 1940 471 ι

191 515 249 572 cha
260 528 332 570 ores
347 512 454 570 Christi
473 512 620 582 sanguine
632 510 804 584 redemptas
819 509 962 565 suiacum
977 522 1022 563 se-
1076 520 1188 579 scopus
1202 522 1284 581 pepe
1298 507 1457 579 eligeretur
1468 505 1608 564 decrerit.
1619 506 1691 563 Post
1704 506 1771 562 been
1780 504 1922 579 qnaesie

193 600 654 678 quacibnslaniebat,cumcirca
661 598 829 675 paschalem
837 597 1022 655 lesfiritatem
1075 599 1146 651 runt
1158 593 1199 651 ab
1210 608 1258 665 eo,
1273 594 1416 669 utipcum
1426 593 1699 668 pontificemquem
1712 592 1880 666 eligerent,
1889 592 1923 649 in
1939 622 1940 651 ;

193 691 325 766 episcopi
336 695 366 748 et
375 689 542 747 eerdinales
554 692 697 747 Romane
709 685 886 746 ecelesiede
896 685 1023 743 diventa
1077 682 1232 741 Casineml
1244 683 1428 741 monasterio
1439 682 1594 756 reciperet,
1609 696 1739 756 eumque
1752 682 1865 740 donec
1874 697 1924 738 ec·

195 780 332 855 pertibus
354 781 481 836 Romam
501 777 713 836 convenientes
732 777 796 851 (Ao.
819 778 897 833 1086.
924 772 1023 847 Apri,
1064 770 1922 846 ·clesiatranquillaretur‚cumscisomnibussnstentaret,

194 868 415 928 mandaverunt
423 866 564 941 predicto
573 866 687 935 abbati,
697 870 730 923 nt
736 881 797 923 una
804 860 1025 937 cumepiscopis
1064 858 1158 918 'sicut
1171 861 1242 918 etde
1255 861 1427 935 supradicto
1439 876 1520 935 papa
1531 860 1673 933 Gregorio
1685 859 1817 928 beccam
1831 859 1923 934 quod

196 963 226 1018 et
236 956 439 1015 cardinalibus
448 957 591 1013 Romanis
602 956 654 1029 qni
663 971 766 1013 secum
778 958 849 1011 tunc
865 951 1027 1009 moraban-
1081 951 1249 1008 Desiderius
1261 951 1455 1011 libentissime
1463 950 1562 1008 iecere
1572 950 1754 1022 repromisit,
1763 955 1796 1008 et
1808 965 1872 1023 per
1881 948 1923 1006 le-

197 1055 255 1115 tur,
266 1054 295 1106 et
308 1062 379 1104 cnm
391 1046 505 1105 Gis'ullo
515 1045 701 1103 Salernitano
714 1045 848 1119 principe
863 1043 916 1117 qui
928 1048 1027 1100 tunca
1079 1039 1178 1096 rutam
1192 1055 1286 1113 quam
1300 1055 1395 1097 manu
1406 1038 1553 1111 gestabat,
1566 1039 1655 1096 cosin
1665 1037 1725 1095 lide
1738 1054 1799 1097 sna
1811 1037 1922 1097 debeo

197 1132 1026 1212 cysalpinispartibnsveuerat(1236)‚adecsquantocius
1080 1128 1321 1187 massiviacum
1336 1126 1923 1201 eutemjemjemqueceflostiensiepi·

109 1244 112 1251 ⁴
196 1230 365 1300 pergerent,
378 1222 519 1298 quatinus
544 1223 581 1281 de
600 1226 743 1281 ttomenoe
763 1221 895 1279 ecclesiae
909 1219 1026 1278 ordina·
1080 1233 1173 1292 scopo
1187 1216 1387 1282 decernerent
1402 1223 1523 1290 repente
1538 1216 1784 1291 iterumquidam
1798 1216 1843 1274 de
1859 1231 1926 1274 car·

196 1314 277 1372 tione
291 1312 381 1370 simul
393 1316 564 1370 necterent.
579 1311 630 1369 llle
654 1310 748 1369 nichil
769 1309 928 1384 suspicans
940 1308 979 1365 de
994 1323 1028 1365 se
1080 1305 1233 1363 dinalibus
1245 1312 1482 1364 contraoanones
1494 1305 1831 1365 essebanceleotionem
1845 1305 1924 1362 amr

194 1400 260 1476 lam
270 1400 456 1476 illosaiiquid
468 1400 609 1473 cogitare,
617 1415 687 1458 cum
693 1398 889 1472 iamnullade
899 1412 935 1455 eo
943 1411 1027 1454 men·
1081 1410 1171 1453 mans
1179 1395 1484 1470 (innataequsqucm
1493 1410 1750 1453 accensensumm
1762 1394 1922 1452 clamavit.

196 1492 238 1549 tio
250 1490 290 1549 ab
303 1491 407 1564 aliquo
420 1489 513 1554 fleret,
533 1488 698 1562 assumptis
710 1486 868 1561 proephntis
887 1484 1029 1544 omnibus
1082 1483 1125 1541 illi
1139 1499 1193 1557 pro
1206 1489 1350 1558 tempore,
1367 1499 1421 1557 pro
1433 1482 1609 1541 necessitate
1617 1482 1676 1540 boc
1688 1482 1764 1541 lerre
1774 1488 1924 1557 oportere

196 1578 505 1652 Romanamperrenit
520 1577 559 1634 ad
572 1576 684 1634 urbem.
698 1576 739 1633 Eo
752 1577 800 1633 die
809 1591 869 1650 qno
875 1572 1026 1648 applicuit,
1074 1572 1292 1641 'aennentibne
1305 1588 1576 1646 nequaquameum
1589 1571 1627 1630 nd
1638 1572 1922 1631 suamsententiam

197 1669 230 1726 in
244 1666 350 1740 vigiliis
364 1670 551 1740 pentecostes
566 1666 651 1739 (Mei.
662 1665 718 1735 23),
730 1664 862 1722 instante
875 1662 1028 1720 Desiderio
1082 1661 1199 1720 flectere
1206 1661 1370 1719 valuerunt.
1384 1662 1703 1736 verumutsapientum
1710 1660 1863 1720 Salomon
1873 1677 1921 1720 sa·

199 1756 428 1830 utpoutilicetus
435 1769 817 1829 aperpersonarumeerum
825 1754 1029 1826 injungeretur
1066 1737 1168 1825 'piens
1184 1758 1348 1820 attestetur,
1364 1766 1425 1809 uon
1436 1758 1482 1808 est
1496 1751 1661 1824 prudentia,
1677 1767 1739 1810 non
1757 1759 1805 1809 est
1820 1752 1919 1809 consi-

115 1916 117 1923 ,
200 1845 298 1913 eboni,
313 1860 382 1919 quae
397 1843 539 1918 eclipsis,
555 1844 602 1901 vel
616 1844 644 1901 ei
655 1844 834 1901 videbantur
847 1842 971 1907 idonee,
985 1854 1030 1898 re·
1082 1841 1157 1899 lium
1168 1848 1274 1898 contra
1286 1840 1378 1897 deum
1406 1841 1506 1913 (Pron.
1521 1856 1583 1911 xxi,
1597 1840 1654 1914 ao).
1672 1843 1738 1898 lior
1753 1842 1841 1898 enim
1857 1841 1917 1914 epi-

200 1940 332 1993 nnerunt
348 1948 471 2006 prorsus
483 1934 581 1989 omnis
604 1935 757 1990 Romanus
773 1936 802 1989 et
829 1931 925 1988 clerus
936 1935 965 1987 el
980 1944 1030 2003 po-
1083 1929 1384 2003 scopietcerdinales‚
1397 1944 1536 1986 unacum
1548 1929 1665 1987 sternet
1677 1928 1798 2004 populo,
1814 1930 1850 1986 ln
1864 1933 1917 1987 lte·

199 2023 291 2099 pulns
315 2022 489 2080 consentire.
513 2024 567 2077 Per
593 2025 687 2078 totam
710 2025 808 2078 antem
833 2020 932 2092 ipsam
948 2017 1030 2075 diem
1083 2018 1184 2076 alderti
1205 2019 1347 2076 duritiam
1360 2018 1592 2085 stomachantes,
1619 2019 1799 2077 stridentes
1815 2035 1852 2076 se
1876 2018 1917 2075 nil

199 2112 295 2170 multe
307 2110 624 2184 trequentiaquotquot
635 2109 789 2167 catholice
800 2108 877 2182 parti
888 2107 1030 2166 lavabant
1082 2125 1174 2183 posse
1185 2125 1256 2167 cum
1270 2125 1306 2166 eo
1321 2109 1460 2182 precibus
1474 2124 1573 2180 agere,
1589 2114 1758 2168 statuerunt
1768 2110 1917 2167 violenter

200 2206 263 2260 tam
282 2200 381 2257 clerici
398 2214 492 2273 quam
504 2197 574 2256 iaici
593 2198 631 2256 ad
646 2213 717 2255 eum
731 2197 953 2266 convenientes,
963 2197 1029 2268 jam
1083 2214 1207 2257 causam
1222 2198 1376 2272 perlicere.
1389 2199 1521 2257 Tandem
1534 2199 1635 2272 lteque
1653 2199 1786 2256 universi
1803 2201 1918 2272 pariter

200 2291 279 2348 circa
292 2303 451 2361 vesperam
466 2287 638 2359 cougregati
650 2292 721 2344 sont
730 2288 840 2360 pariter
849 2300 954 2343 omnes
967 2290 1029 2343 tam
1085 2302 1145 2344 uno
1160 2302 1306 2345 censensu
1319 2292 1348 2345 et
1362 2288 1465 2346 animo
1477 2287 1562 2345 illum
1572 2287 1734 2361 capientes,
1746 2288 1881 2345 invitum
1890 2293 1917 2343 et
1939 2306 1940 2365 j

200 2378 330 2452 episcopi
342 2381 371 2434 et
383 2366 550 2434 cardinales
563 2390 658 2449 quem
673 2381 702 2432 et
712 2375 809 2432 calmi
828 2374 966 2445 Romani,
980 2372 1031 2447 qui
1084 2378 1261 2434 renitentem
1277 2377 1440 2446 attrahunt,
1460 2382 1490 2434 et
1511 2378 1551 2435 ad
1564 2376 1717 2435 ecelesiam
1737 2376 1916 2451 praedictam

200 2467 231 2525 in
245 2464 474 2524 fidelitatebeati
480 2463 554 2521 Petri
560 2462 767 2538 apostolorum
773 2463 917 2538 principis
933 2478 1032 2536 perse-
1085 2465 1191 2525 Christi
1197 2468 1337 2539 martyris
1345 2467 1438 2523 tucior
1444 2467 1625 2540 perducunt,
1633 2465 1737 2542 ibique
1746 2480 1820 2523 enm
1829 2465 1915 2537 juxta

199 2554 396 2623 verebantin
406 2553 578 2611 diaconiam
590 2554 803 2611 sanctenucte
816 2557 936 2627 quaest
944 2553 1032 2624 juxte
1085 2571 1203 2613 morem
1216 2556 1349 2613 ecclesie
1363 2554 1516 2627 eligentes,
1525 2555 1648 2613 Victoris
1657 2555 1803 2612 ainomen
1817 2555 1914 2627 impe

201 2643 361 2717 Septesolis
372 2660 379 2711 ;
389 2648 601 2716 coeperuntque
612 2657 720 2700 omnes
729 2641 908 2699 unanimiter
914 2640 1032 2698 [teside-
1085 2650 1170 2703 nunt.
1194 2645 1252 2703 Sed
1264 2645 1408 2718 quoniam
1420 2646 1602 2703 haecomnia
1615 2650 1649 2702 ut
1661 2644 1795 2701 diximus
1809 2650 1913 2702 contre

200 2734 279 2792 rinm
285 2731 387 2790 multis
393 2731 533 2806 precibus
540 2732 699 2789 obsecrare
707 2732 906 2788 utitomanum
912 2728 1030 2803 pontill-
1085 2734 1151 2806 eius
1164 2733 1337 2791 animumet
1351 2734 1534 2791 voluntatem
1544 2734 1689 2803 iecerunt,
1704 2746 1839 2806 cappam
1850 2733 1912 2806 qni·

201 2827 303 2880 catum
315 2820 467 2894 suscipere
482 2834 540 2878 non
555 2824 712 2886 recusaret,
734 2835 866 2893 eumque
884 2817 1032 2876 obtestare
1085 2821 1156 2878 dem
1168 2821 1296 2879 rubeem
1310 2822 1465 2890 induebat,
1472 2821 1575 2881 dham
1585 2823 1857 2895 venenumquemei
1862 2836 1910 2894 po

203 2925 257 2985 per
268 2909 381 2976 diune,
396 2924 450 2983 per
462 2909 599 2967 hnmana
612 2909 726 2976 omnia,
737 2912 769 2965 ut
780 2907 945 2965 subveniret
957 2905 1033 2979 peri·
1086 2915 1206 2968 tuerunt
1227 2910 1361 2969 induere.

204 2999 316 3057 clitanti
328 2998 458 3057 ecclesie
470 2996 665 3070 innanlragic
674 2998 850 3065 constitute,
861 2995 1032 3053 multotiens
1048 2977 1073 3042 G
1122 3004 1167 3060 67.
1181 2998 1222 3057 Eo
1247 3000 1338 3075 igitur
1360 3003 1495 3074 tempore
1509 2998 1665 3074 preelectus
1679 3000 1870 3074 imperatoris
1891 3014 1912 3057 a

205 3090 245 3147 ad
260 3103 360 3161 genua
370 3089 447 3160 ejus,
460 3087 613 3144 nonnullis
623 3086 851 3144 lacrimantibus
865 3101 971 3143 omnes
981 3100 1034 3159 pe·
1086 3087 1162 3146 duce
1177 3089 1273 3163 (1239)
1293 3094 1323 3148 et
1345 3089 1410 3161 eJus
1422 3096 1518 3147 matre
1530 3090 1685 3157 dimissus,
1699 3093 1820 3163 propter
1839 3088 1912 3146 illud

204 3177 274 3235 riter
287 3182 418 3234 ruentes.
431 3175 600 3232 Desiderins
619 3189 690 3232 vero
704 3174 757 3248 qui
768 3175 832 3247 jam
844 3174 960 3232 dudum
982 3174 1033 3232 de·
1086 3177 1221 3235 videlicet
1227 3178 1333 3235 odium
1339 3177 1559 3252 quodepiscopi
1566 3178 1779 3244 etcardinales,
1787 3175 1911 3236 iaciente

203 3271 336 3324 creverat
350 3266 441 3322 rium
453 3278 542 3321 snam
556 3264 588 3320 in
611 3263 710 3338 quiete
736 3263 912 3336 transigere,
937 3267 966 3321 et
979 3264 1033 3338 qui
1085 3272 1187 3323 tamen
1197 3267 1533 3341 Salernitanoprincipe,
1541 3267 1761 3326 salernitanum
1770 3266 1909 3340 archiepi-

202 3354 299 3426 magis
313 3353 438 3427 optabat
448 3352 588 3410 indicina
598 3351 1032 3427 peregrinationettittisuum
1085 3357 1311 3430 scopum(lllti)
1317 3370 1435 3413 sacrare
1447 3355 1615 3422 noluerunt,
1622 3354 1672 3412 die
1682 3360 1832 3428 noctsque
1841 3370 1910 3412 cum

200 3446 321 3516 tempus
336 3442 432 3511 finire,
446 3442 537 3515 coepit
544 3441 726 3499 omnimodis
735 3440 874 3510 wintere,
891 3441 986 3500 ethoc
999 3457 1032 3499 se
1085 3441 1576 3518 aliquantisaereiniquboonductis
1588 3443 1796 3517 incapitolium
1806 3449 1910 3501 centra

200 3547 371 3606 numquam
385 3545 604 3588 consensurum
618 3530 743 3589 tirmiter
756 3531 972 3604 repromittere.
986 3532 1032 3589 ln·
1085 3533 1216 3590 eundem
1225 3532 1546 3601 eiectumconreniees,
1559 3531 1909 3607 persecutioneseimaxi·

202 3627 281 3680 stare
295 3620 336 3679 iili
348 3620 549 3689 vehementer,
572 3624 795 3692 perseveranter
807 3621 950 3693 insistere,
964 3621 1031 3693 ipse
1084 3637 1151 3679 mas
1164 3622 1273 3681 intulit.
1286 3621 1658 3695 Postquattuordicsidem
1668 3621 1778 3680 electus
1783 3623 1909 3680 Romam

200 3707 1029 3782 vehementinsreniti,resistereperseverantius,dicens:
1084 3726 1234 3785 egressus,
1244 3712 1328 3769 venit
1342 3711 1481 3785 mnsam,
1494 3711 1596 3787 ibique
1606 3711 1801 3786 pertriduum
1813 3726 1908 3769 ramo·

202 3797 751 3873 «Procertosciatis,quiasialiquam
759 3799 1030 3858 michiviolantiam
1083 3798 1906 3871 ratus‚ebiit,Terrecinem3ebindecruoemetclamidem

202 3904 294 3961 super
304 3888 363 3945 hoc
383 3886 548 3954 intuleritis,
563 3902 620 3959 ego
634 3887 758 3960 quidem
772 3893 860 3961 prout
873 3889 958 3946 citius
978 3905 1031 3963 pe
1083 3893 1113 3947 et
1125 3893 1232 3946 ooetera
1244 3888 1436 3962 pontificatus
1451 3888 1582 3960 insignia
1598 3888 1640 3946 ita
1659 3889 1782 3954 dimisit,
1808 3893 1839 3946 ut
1863 3889 1906 3946 eis

203 3985 300 4049 tuero,
315 3977 453 4034 casinum
467 3976 582 4047 redibo,
593 3976 707 4033 etnulio
720 3978 1029 4052 modounquaminde
1084 3976 1343 4035 ulterinsntinullo
1350 3992 1486 4051 unquam
1493 3978 1581 4035 modo
1587 3979 1761 4051 persuaderi
1768 3978 1904 4052 potuerit;

203 4082 253 4126 me
266 4066 447 4124 intromitto:
457 4080 512 4121 vos
535 4069 636 4122 autem
650 4072 773 4139 propter
795 4066 851 4124 hoc
872 4067 1030 4126 ridiculum
1083 4067 1248 4124 decernens
1262 4067 1362 4140 potius
1374 4069 1457 4124 omni
1466 4066 1535 4123 vitae
1547 4082 1608 4125 sure
1620 4074 1752 4140 tempere
1764 4067 1795 4124 in
1806 4066 1904 4124 dldne

203 4159 392 4228 magnumst
406 4154 493 4212 vobis
503 4158 534 4211 et
545 4155 689 4212 Romanae
702 4155 1002 4215 ⁸⁸²¹ecctesioeiseitis.
1012 4177 1029 4211 s
1083 4155 1319 4228 peregrinatione
1328 4156 1422 4213 vitam
1431 4155 1527 4223 finire,
1542 4171 1635 4230 quam
1645 4156 1721 4214 tanti
1739 4155 1849 4214 ordinis
1861 4154 1905 4213 la·

203 4247 237 4305 Et
245 4244 319 4319 qnia
326 4243 439 4301 tardior
447 4244 458 4316 j
462 4258 513 4301 am
518 4257 573 4301 ora
578 4247 777 4317 precesserat,
783 4244 958 4303 imminente
964 4247 1030 4318 jam
1044 4241 1070 4302 l)
1083 4244 1186 4301 acibus
1198 4244 1384 4316 mentumis
1393 4244 1470 4302 coila
1486 4244 1672 4303 submittere.
1685 4245 1904 4303 insistebaturei

202 4338 290 4392 nocte
304 4333 345 4392 ad
355 4348 410 4391 sua
419 4332 531 4406 quique
537 4333 645 4389 reversi
658 4337 740 4390 sunt.
749 4334 874 4392 Summo
881 4349 970 4392 mene
978 4334 1030 4393 de
1082 4333 1189 4391 cotidie
1197 4329 1338 4407 precibus
1344 4333 1531 4408 lacrimisque
1539 4333 1732 4401 creberrimis,
1740 4333 1904 4406 obicieban-

201 4422 316 4481 minica
327 4426 515 4496 pentecostes
523 4419 668 4495 (baim),
681 4436 787 4478 omnes
801 4421 981 4481 unanimiter
990 4425 1031 4482 ad
1082 4425 1132 4480 tur
1159 4420 1353 4481 ecclesiarum
1374 4437 1488 4494 magna
1512 4422 1699 4491 discrimina,
1720 4422 1903 4495 ingerebatur

201 4509 1029 4586 eumiterumconvenientes,endemcoeperuntrepetere,
1084 4510 1282 4585 plurimarum
1296 4511 1902 4588 perditlcanimarum,qnibuseimaniiea·

202 4600 309 4675 etipse
322 4598 535 4657 nichilominus
550 4597 681 4656 inminet
690 4598 753 4657 lixa
762 4601 908 4659 mutantia
921 4600 1032 4676 perdo·
1082 4599 1195 4659 malms
1206 4599 1688 4672 divinaindignaliointendebatur
1698 4620 1706 4673 ;
1717 4600 1819 4676 sicque
1828 4601 1902 4661 ued-

202 4702 280 4748 rare.
296 4686 671 4759 videntesseomninojem
685 4686 936 4762 nichilprcticere,
949 4689 1031 4749 dixe·
1083 4704 1159 4747 num
1171 4704 1310 4747 reversus
1323 4695 1378 4749 est.
1392 4689 1537 4748 Caurum
1550 4704 1604 4764 per
1617 4689 1691 4748 anni
1716 4691 1801 4749 totius
1812 4693 1901 4751 cuni-

204 4774 1031 4854 runtDesideriopresbyterietoardinaiesepiscopi,quo-
1083 4779 1187 4838 culum
1211 4779 1289 4839 adeo
1315 4780 1424 4838 mentis
1447 4780 1513 4854 eius
1534 4779 1721 4856 propositum
1747 4780 1900 4842 immobilis

881 4931 1001 4988 venire
1022 4932 1223 4993 moeonas.

243 5051 292 5093 *Μ
304 5054 349 5114 ito
366 5051 486 5111 correct
493 5065 501 5112 ι
511 5051 603 5109 nome
619 5063 646 5111 c.

994 5183 1117 5252 ,ΝΟΤΕι

243 5302 337 5387 (titt)
355 5301 452 5360 lmoa
475 5299 677 5386 hmsalpinis,
703 5316 766 5431 rino
788 5318 809 5362 a
835 5304 956 5378 Gregor.
984 5306 1033 5365 Vll
1086 5308 1255 5365 itomanam
1275 5308 1491 5391 traduceretur.
1505 5307 1578 5369 lec.

207 5390 320 5436 mlssus
333 5373 438 5446 luerat,
454 5373 708 5457 v.bn1nsep.ttll
724 5414 732 5440 ,
755 5374 802 5433 23.
1137 5378 1217 5452 1239)
1235 5379 1368 5452 Rogerro.

259 5448 341 5597 ἓξὲξ)
357 5445 984 5596 iineodaessimtaffiffigffiffloupm
995 5516 1037 5582 ad
1140 5453 1218 5525 talo)
1235 5450 1409 5512 Alienumli
1432 5467 1442 5524 3
1462 5451 1589 5532 albens
1600 5450 1613 5512 1
1625 5449 1700 5514 obiit
1713 5452 1790 5516 tote.
1804 5453 1860 5522 oct
1873 5453 1899 5516 t.
