3884 6050
58 284 123 348 821
419 275 628 347 cnaoolcolt
647 284 862 349 castellense,
884 312 925 327 ·-
944 282 1015 345 ΗΒ.
1036 282 1076 344 IV
1095 283 1265 349 AUCTORE
1288 283 1416 348 ramo.
1718 289 1778 352 887

76 416 126 472 78.
146 412 279 484 Qualiter
289 411 430 470 ucetiam
438 411 644 472 sanelillattlei
653 416 773 489 apostoli
784 414 820 472 ad
835 414 888 473 aaa
903 412 1099 473 monasterium
1109 416 1165 491 {uit
1177 416 1361 491 deportatum.

18 554 19 557 ,
76 505 126 562 71.
144 506 181 561 θα
192 502 311 577 qssodarn
322 500 421 559 αὶααάο
430 518 479 573 per
493 502 601 560 uuum
614 504 790 567 Benedicturn
803 510 909 563 sanata.
1032 538 1036 543 -

77 594 125 651 78.
146 592 282 662 Quomodo
294 590 453 662 Pandultus
465 591 500 649 de
513 592 599 651 Secta
617 594 791 653 renuntiavit
801 610 857 668 per
864 594 1055 667 jurameutum
1068 602 1188 653 castrum
1217 595 1341 664 Vitecoei,
1360 599 1386 652 et
1403 592 1435 651 de
1449 592 1570 653 adomlu
1585 592 1683 651 Pontii
1695 592 1779 653 alla·

169 682 206 739 tis
220 682 409 741 olonioeensis
420 680 456 738 ad
470 680 542 738 lunc
555 682 652 743 laeuos.
1302 728 1305 733 .

74 770 123 828 78.
145 770 281 840 Quonoda
292 770 365 829 ideas
376 771 462 829 ullu
473 772 605 830 unusat
614 772 743 833 uuiaia
755 771 950 832 monacharum
963 774 1106 837 eulasan
1120 776 1152 834 S.
1165 774 1265 835 Maria
1281 774 1313 831 de
1328 774 1521 846 casaleplano.

15 860 16 871 ¹
73 859 123 916 71.
142 861 184 917 θα
197 860 273 917 olitu
286 859 401 917 dirardi
412 859 520 918 aliaue
536 861 620 932 hujus
632 861 694 920 lari.

73 949 123 1006 78.
142 950 188 1008 θα
198 949 375 1007 admone
385 949 498 1008 ollulis
517 950 639 1010 oderisii
653 952 692 1008 ll.

72 1038 121 1096 79.
143 1038 270 1108 Qualiter
293 1038 420 1096 dominer
434 1038 523 1098 castri
540 1041 630 1099 saneti
650 1039 756 1113 Anqeli
778 1040 809 1097 in
822 1038 929 1099 Teods'ei
941 1041 1054 1099 rebelles
1065 1041 1191 1115 suerunt,
1215 1048 1241 1100 et
1260 1041 1337 1101 idem
1360 1040 1445 1099 albas
1460 1039 1496 1097 ad
1510 1036 1673 1110 fidelitatem
1685 1037 1769 1112 coeqit

168 1128 289 1186 arun.

70 1215 119 1272 89.
141 1215 268 1284 Qualiter
281 1215 371 1274 allata
379 1215 439 1289 luit
450 1215 513 1273 nuic
527 1217 695 1276 monasterio
709 1217 813 1276 Sancta
826 1218 921 1277 Maria
930 1218 965 1275 de
976 1217 1095 1277 lialiata
1108 1218 1140 1276 in
1149 1217 1302 1277 Sclaoonia.

71 1305 119 1361 81.
142 1306 179 1363 θα
191 1306 337 1364 lamberto
350 1308 469 1379 episeopo
482 1306 630 1375 Hostierui,
644 1307 697 1382 qui
709 1311 735 1364 el
745 1308 887 1366 Honorias
898 1324 971 1381 papa
981 1307 1051 1381 [uit.

44 1410 58 1431 ·
70 1393 119 1452 89.
140 1395 269 1463 Qualiter
280 1399 401 1453 mersu
415 1396 512 1454 Pueni
524 1395 592 1455 lluic
603 1397 770 1455 uorsaeterio
782 1396 879 1455 datum
890 1396 959 1469 suit.

69 1484 117 1540 83.
140 1484 182 1542 θα
192 1484 267 1541 olitu
282 1484 398 1543 Qals'ccti
409 1501 501 1558 popa,
511 1492 539 1542 et
551 1486 684 1559 quomodo
694 1485 852 1543 cardinales
865 1484 948 1543 dirici
957 1485 1075 1557 suerum
1089 1486 1120 1542 in
1132 1485 1260 1544 electione
1273 1482 1430 1559 supradicti
1442 1483 1574 1542 Honorii.

67 1572 115 1629 81.
137 1573 264 1644 Qualiter
273 1574 432 1631 restitutum
440 1583 480 1633 est
493 1576 555 1641 luia
568 1576 736 1634 monasteria
745 1575 940 1637 nonasterium
952 1576 1042 1632 uncti
1056 1575 1158 1633 Manui
1167 1575 1199 1632 de
1214 1575 1320 1633 Fundis
1327 1592 1387 1632 eum
1401 1573 1574 1646 pertinentiis
1587 1572 1655 1630 ruis.

67 1663 114 1719 85.
134 1663 264 1731 Qualiter
281 1665 478 1723 nonasurs‘um
490 1665 582 1722 sanoti
594 1664 713 1738 quolai
725 1664 757 1720 de
769 1663 836 1721 Pica
846 1662 903 1737 suit
915 1663 1104 1738 &prolatum
1116 1681 1134 1721 a
1145 1663 1287 1723 romilius
1298 1662 1456 1739 Aquinatis.

64 1752 111 1809 88.
134 1751 175 1809 θα
187 1753 435 1811 adrentuflonors'i
448 1770 526 1826 papa
537 1753 663 1813 adhunc
678 1753 779 1811 kaim.

64 1841 111 1898 87.
133 1841 172 1899 θα
184 1842 263 1900 obitu
273 1842 389 1899 Henriei
407 1844 431 1899 V
443 1844 635 1915 imperatoris.

65 1929 111 1985 88.
135 1930 263 1998 Qualiter
276 1932 418 2004 apuam
428 1931 487 2003 suit
501 1931 647 1989 oderisius
656 1929 694 1998 ll,
710 1930 793 1989 αὸααε
813 1929 898 2003 liujus
907 1928 968 1988 lari.

63 2016 109 2073 89.
131 2015 175 2075 θα
187 2018 314 2077 eleotiane
326 2026 352 2076 et
366 2020 580 2093 conpunctione
593 2020 698 2077 allatis
710 2019 820 2077 Nicolai
834 2020 919 2092 liuius
934 2019 997 2077 loci.

61 2106 107 2162 99.
128 2106 254 2174 Qualiter
264 2108 412 2181 pradictus
429 2110 517 2168 allas
530 2111 677 2168 llolertuos
687 2109 842 2182 principem
857 2108 1019 2181 Capuanum
1031 2125 1112 2169 suurn
1121 2108 1265 2167 ancilium
1276 2109 1399 2167 evocarit
1417 2114 1566 2182 prorostra
1581 2104 1671 2178 Sapei,
1687 2103 1757 2179 quod

154 2195 294 2269 Goffridus
306 2197 340 2255 de
362 2199 465 2270 Aquila
477 2198 584 2256 tenelat
592 2211 604 2270 ;
616 2198 800 2271 aquiminilia
822 2204 953 2270 arqentea
966 2203 996 2256 et
1012 2214 1120 2257 ααααααα
1137 2214 1251 2256 aureans
1264 2197 1300 2254 ad
1318 2215 1345 2255 se
1362 2196 1469 2270 detersi
1488 2197 1633 2270 pracepit,
1649 2194 1759 2253 dietum

153 2293 276 2344 meren
289 2304 342 2344 non
355 2288 512 2361 recolleqit,·
525 2288 618 2345 odium
634 2287 830 2345 monocleounr
844 2287 1027 2346 adversumne
1039 2287 1193 2347 ααααίωυθ.
1352 2334 1355 2339 .
1424 2336 1428 2343 ,

63 2372 108 2433 91.
131 2374 257 2441 Qualiter
290 2377 358 2433 ulem
385 2378 469 2434 albas
498 2377 634 2437 Castrum
658 2392 756 2433 naouns
780 2376 932 2448 recolleqit,
958 2383 985 2435 et
1011 2382 1138 2435 castrum
1163 2377 1300 2435 Picenum
1324 2376 1557 2436 Norrnannarum
1570 2371 1677 2431 ditioni
1692 2370 1754 2428 sul·

151 2465 276 2538 p'uqaoit.
909 2498 913 2507 ·

63 2551 108 2609 99.
130 2552 259 2621 Qualiter
281 2553 337 2611 eiua
359 2554 463 2628 {ratres
484 2553 578 2626 ispani
598 2553 743 2626 Philippus
756 2560 782 2611 et
803 2553 974 2612 Plililertus
988 2554 1145 2613 obtulerant
1159 2554 1236 2615 beata
1252 2553 1397 2615 Bedcdicto
1411 2553 1550 2612 ecelesiam
1568 2556 1755 2612 constructam

153 2644 183 2699 in
195 2642 326 2716 ispania,
342 2660 375 2700 ae
385 2643 418 2699 de
428 2642 638 2701 renuntiatione
648 2642 755 2700 ablatis
768 2642 935 2712 Oderisiill,
951 2644 1038 2717 liuius
1052 2645 1176 2704 allatio
1190 2647 1220 2702 in
1233 2661 1321 2703 manu
1330 2659 1420 2719 papae.

62 2730 106 2786 98.
130 2731 253 2799 Qualiter
270 2731 342 2790 idem
358 2733 393 2789 al
406 2732 528 2789 Honorio
544 2746 619 2805 papa
630 2732 775 2804 depositus
783 2733 856 2805 suit.

62 2818 106 2877 91.
128 2819 168 2876 θα
180 2820 310 2879 electione
323 2820 478 2878 Senioreeli
497 2821 618 2878 allalin

60 2907 105 2968 to.
128 2907 257 2975 Qualiter
266 2910 403 2965 lionuius
410 2907 560 2980 pradictus
571 2907 608 2963 ad
622 2907 693 2966 lune
707 2906 794 2964 laeuos
806 2907 894 2979 uenit,
913 2913 940 2964 et
953 2908 1128 2966 consecrauit
1136 2908 1299 2983 pradictum
1312 2907 1449 2967 abulen

58 2996 103 3055 96.
125 2994 168 3054 θα
178 2997 252 3056 aditu
265 2997 408 3056 Gru'lielosi
418 2997 505 3065 duaa,
518 3004 543 3056 et
556 2996 590 3055 de
601 2996 764 3071 quibusdam
777 2997 966 3055 oblationibus
979 2998 1041 3056 laic
1055 2998 1219 3058 monasterio
1229 2998 1324 3073 lutis.

58 3086 102 3143 97.
125 3087 248 3157 Qualiter
258 3088 411 3146 Anacletus
423 3087 564 3145 eoronaoit
577 3087 725 3160 Roqerium
732 3088 855 3144 comitem
871 3088 902 3144 in
912 3104 1002 3160 reqeos
1013 3087 1127 3147 Siciliae.

57 3174 102 3235 88.
123 3176 251 3245 Qualiter
278 3177 420 3236 Guarinus
443 3175 631 3235 macellarius
653 3175 784 3250 pradicti
809 3176 885 3249 reqir
906 3177 1064 3235 intendebat
1085 3193 1181 3252 capere
1204 3177 1371 3253 pradidum
1395 3176 1528 3242 ablatem,
1557 3174 1605 3233 sed
1632 3187 1686 3230 non
1702 3187 1749 3246 po·

56 3354 100 3412 99.
124 3356 174 3391 ⁸⁸⁷·
186 3354 226 3412 θα
235 3354 374 3412 ααίναααὶο
387 3355 418 3413 ia
427 3353 504 3413 olitu
516 3352 670 3420 tolonnis,
683 3354 817 3411 consuens
829 3354 897 3427 eius.

42 3442 99 3500 199.
123 3444 350 3514 Qualiterdictus
363 3444 554 3502 macellarius
572 3446 661 3501 rnorte
674 3443 823 3501 subitanea
838 3443 984 3515 &lunatas
998 3447 1048 3502 est.

39 3532 99 3591 191.
122 3532 255 3601 Qualiter
266 3538 380 3591 unctus
392 3532 554 3592 Benedictus
564 3535 698 3605 appareat
710 3533 821 3591 cuidam
832 3534 964 3591 munaelo
976 3535 1058 3593 Bono
1074 3533 1198 3594 nomine.

39 3621 97 3679 lot.
120 3621 248 3690 Qualiter
259 3621 371 3695 quidone
381 3622 532 3681 momulus
549 3620 618 3678 uidit
629 3622 748 3679 animans
759 3622 880 3680 Guarini
897 3623 966 3681 diali
980 3624 1151 3682 aancellarii.

38 3711 97 3770 198.
119 3711 161 3769 θα
175 3711 254 3769 alita
263 3711 422 3770 Seniarecti
435 3711 539 3769 α11α111
553 3711 637 3783 auius
650 3711 715 3768 loci.

37 3800 97 3858 191.
118 3800 159 3857 θα
169 3801 297 3858 electione
306 3801 455 3874 Raunaldi
467 3800 583 3858 allatis.

37 3890 96 3947 loo.
118 3890 244 3957 Qualiter
264 3890 402 3948 Hearieus
428 3890 486 3948 dua
506 3890 644 3962 Baioaria
668 3890 753 3946 misso
772 3888 820 3926 ⁴⁸⁸⁰
847 3890 884 3947 al
910 3890 1074 3963 inperatore
1094 3888 1225 3947 ballaria
1254 3888 1373 3946 intrarit
1394 3901 1513 3962 repausa
1536 3900 1599 3944 aem
1617 3884 1747 3942 Innata-

143 3979 183 4036 lia
194 3995 275 4051 papa.

38 4067 95 4124 198.
116 4066 243 4136 Qualiter
256 4068 409 4127 cotrariae
428 4069 581 4140 imperator
592 4066 719 4124 restituit
732 4068 825 4124 omnia
839 4067 1000 4126 monasterio
1012 4068 1101 4126 sancti
1113 4066 1280 4125 liberatoris
1305 4066 1341 4124 de
1364 4064 1496 4140 Maqello‚
1514 4060 1637 4139 quicquit
1651 4066 1745 4119 saneto

141 4157 287 4215 Bersedicto
304 4156 472 4229 inpartibus
490 4155 648 4214 illisollata
666 4158 712 4194 ⁴⁸⁸¹
725 4158 857 4229 fuerant.

38 4244 95 4302 197.
119 4246 245 4315 Qualiter
253 4246 342 4305 dietus
355 4247 507 4319 imperator
517 4261 582 4302 cuns
595 4245 710 4303 iliolsina
728 4247 915 4319 e'osperatrice,
928 4246 1092 4306 direxerunt
1108 4246 1249 4320 epitolam
1264 4245 1328 4303 lsuie
1340 4244 1517 4314 monasterio,
1541 4245 1572 4300 ul
1591 4237 1744 4299 universali

141 4335 262 4392 αααίααία
271 4335 405 4393 Dominus
413 4334 570 4392 renuderel
581 4351 687 4407 paeeau

36 4420 96 4479 198.
118 4423 244 4493 Qualiter
255 4423 406 4494 pradictus
416 4424 565 4496 inperator
573 4423 656 4495 jussit
664 4423 701 4480 ad
712 4440 739 4480 se
749 4424 839 4481 oooari
852 4423 1023 4497 Raqnaldusn
1047 4423 1131 4497 luisse
1141 4424 1303 4482 monaterii
1311 4424 1438 4480 electum.

38 4509 95 4569 199.
118 4513 244 4582 Qualiter
254 4515 355 4571 Pelrsss
368 4512 495 4570 ducenas
509 4527 574 4570 cum
586 4513 748 4586 quibusdam
763 4513 795 4570 de
804 4513 990 4571 cardinalibus
1013 4514 1142 4573 nomana
1156 4513 1275 4572 eeclesia
1289 4512 1448 4570 causidicus
1469 4510 1525 4583 luit
1542 4525 1595 4583 pro
1605 4509 1739 4564 enonaste·

140 4601 185 4659 ria
195 4603 340 4662 (lasineasi
351 4603 384 4659 in
398 4602 561 4662 cantatorio
573 4601 760 4676 imperatoris.

35 4688 95 4746 119.
116 4690 242 4759 Qualiter
252 4693 323 4751 dieti
337 4690 495 4750 cardinales
500 4691 630 4766 preeunt
642 4695 670 4749 et
683 4690 867 4759 conabamur,
879 4695 912 4749 ut
926 4692 1056 4751 nonocni
1064 4698 1267 4750 sacromentum
1280 4698 1305 4750 et
1317 4690 1482 4765 fidelitatem
1495 4690 1622 4765 tacerent
1641 4687 1739 4746 Homa-

139 4795 186 4838 na
199 4781 327 4840 mlesia.

35 4866 95 4926 111.
113 4869 245 4940 Qualiter
257 4872 357 4932 Petrus
375 4872 511 4933 ananus
523 4869 676 4947 qenupeait
702 4877 766 4928 ante
781 4872 974 4946 inperatorem
999 4872 1163 4947 pradictum
1184 4887 1234 4946 pro
1243 4869 1361 4946 juribus
1376 4873 1402 4928 el
1432 4870 1566 4928 libertate
1587 4867 1671 4942 liujus
1683 4882 1740 4923 mo·

33 5044 94 5109 1¹2.
114 5049 243 5120 Qualiter
254 5049 343 5110 dietus
353 5048 503 5126 imperator
511 5049 661 5110 unalalur
674 5053 708 5106 ut
720 5048 925 5109 nonaeterium
938 5049 1014 5109 istud
1030 5053 1268 5122 manuteneatur,
1287 5049 1479 5126 desmdrretur
1497 5052 1525 5106 et
1546 5049 1737 5107 veneraretur.

717 5323 838 5396 7911118
854 5323 1048 5386 arcuarius

68 5597 118 5636 ‘⁸¹'
131 5598 230 5657 ailino
240 5598 366 5671 capitula
380 5616 467 5658 nsanu
479 5599 549 5666 alia,
560 5599 655 5659 indite
665 5599 764 5672 priore
781 5611 869 5669 eraso,
883 5600 987 5675 scripu
1001 5606 1078 5658 sunt.
1116 5598 1231 5675 ⁸⁸⁸⁰lep
1245 5595 1363 5658 nohis.
1401 5597 1516 5671 καί111.
1536 5596 1646 5659 eblum.
