3884 6050
237 248 319 307 1223
865 243 1041 309 Falconis
1062 241 1317 306 Beneventani
1871 245 1934 303 1211

234 375 664 451 sit,quodvi1autnunquam
681 394 699 435 a
720 378 829 435 saeculo
853 382 898 434 est
912 377 1054 434 auditum.
1072 376 1095 437 Α
1112 374 1308 445 perveniente,
1336 380 1482 433 eteorum
1499 374 1658 432 infortunio
1675 374 1823 439 horribili,
1841 375 1934 430 civitas

234 465 379 523 Continuo
395 466 522 537 principi
537 471 564 523 et
575 466 671 523 comiti
695 468 796 524 Romae
810 465 999 524 morantibus
1013 471 1057 519 est
1111 462 1180 536 ipsa
1194 464 1302 520 montis
1317 465 1405 522 Pilosi
1420 470 1509 538 capta
1519 469 1572 520 est.
1584 464 1755 520 tancredus
1765 463 1903 535 quidem,
1916 479 1929 516 e

233 554 402 610 nuntiatum
417 570 424 609 ε
439 559 470 609 ut
485 553 626 610 citissime
639 555 772 621 redeant,
793 561 821 612 et
831 559 914 611 tanto
929 561 1056 627 tyranno
1111 552 1200 606 miser
1219 553 1282 625 ipse
1296 553 1439 623 ltogerius
1454 553 1546 609 armis
1571 551 1720 624 proiectis,
1742 566 1797 623 per
1811 549 1938 605 latebras

233 640 556 714 resistentes,hpuliam
566 644 927 711 totam,eteorumbonaa
939 645 1057 713 gutture
1111 645 1138 696 et
1151 639 1218 696 loca
1232 642 1357 698 civitatis
1371 640 1552 698 abscondita
1567 640 1725 697 latuerunt.
1748 640 1939 695 Inveniuntur

233 730 304 785 tanti
317 731 466 803 praedonis
481 729 1057 805 defendant.ltaquenuntioaoceptoce·
1111 733 1210 785 tamen
1224 746 1242 787 a
1256 731 1510 804 persequentibus,
1537 735 1565 786 et
1593 746 1695 786 eoram
1721 744 1793 798 rege
1817 728 1936 797 Rogen's

231 816 329 874 leriter
343 818 476 886 redeunt,
492 825 520 874 et
534 820 680 892 praeconis
694 817 1056 891 rocetouanteprinoipa·
1112 819 1322 890 perducuntur.
1336 820 1502 892 Oquantns
1515 818 1607 884 dolor,
1617 822 1646 875 et
1656 818 1864 890 lacrymarum
1879 815 1939 871 hor·

232 911 297 963 tum
312 910 406 963 totum
420 907 596 978 Capuanum
611 913 639 964 et
653 908 803 965 civitatem
818 909 1057 964 Beneventanum
1111 922 1161 963 ror
1172 905 1422 978 insolitnstquoo
1435 908 1460 962 si
1472 907 1564 963 lector
1578 906 1706 970 adesses,
1720 904 1827 961 dolore
1842 903 1936 959 turba·

231 996 394 1065 exagitant,
411 1002 442 1052 ut
456 997 672 1053 armisednctis
684 1004 786 1054 eontra
800 996 958 1070 pertidiam
979 994 1057 1050 illius
1112 990 1936 1067 tusexpavesceres.ContinuoRogeriumipsumlaquce

233 1090 261 1141 et
273 1084 458 1157 tyrannidem
468 1084 588 1142 viriliter
600 1085 738 1146 resistant
751 1105 758 1154 ;
770 1085 853 1158 quod
878 1085 1055 1149 factumest,
1111 1083 1256 1156 suspendi
1276 1084 1422 1157 praecepit.
1446 1084 1585 1154 Praecepit
1604 1083 1693 1138 eham
1714 1085 1747 1137 ut
1769 1080 1936 1136 Tancrednr

233 1178 262 1229 et
277 1170 1056 1246 preparatumcomssitaqueaernulphasmiltetere
1110 1172 1185 1244 ipse,
1211 1188 1303 1229 manu
1323 1188 1378 1229 sua
1396 1171 1500 1228 ionem
1520 1171 1620 1243 laquei
1644 1170 1771 1226 traheret
1783 1169 1863 1241 (l5tz
1888 1168 1936 1222 bea

232 1261 340 1317 milites
352 1261 500 1334 accipiens
513 1261 591 1318 eirca
605 1262 748 1334 Troianos
761 1261 835 1318 fines
859 1261 1054 1319 acceleravit:
1110 1260 1196 1317 netas
1221 1265 1251 1317 et
1275 1260 1357 1317 dictu
1384 1259 1514 1316 terribile
1533 1259 1539 1315 1
1561 1257 1732 1315 tancredus
1752 1257 1820 1330 ipse
1834 1257 1937 1312 inritus

234 1349 315 1406 misit
327 1351 469 1405 continuo
484 1349 675 1419 legatossuos
688 1350 727 1406 ad
740 1350 897 1421 Troianam
908 1350 1056 1406 civitatem
1111 1349 1187 1419 regis
1213 1349 1358 1407 voluntati
1392 1347 1617 1420 obtemperavit.
1652 1345 1815 1404 Mirabatur
1849 1345 1938 1401 omnis

233 1442 265 1494 ut
281 1443 555 1510 sacramentaque
568 1438 665 1494 comiti
680 1438 843 1511 etprineipi
856 1436 1055 1507 eivesTrojani
1110 1437 1264 1506 exereitus,
1276 1443 1303 1494 et
1319 1437 1398 1494 iacta
1412 1437 1491 1507 regis
1503 1435 1655 1505 horrebat,
1670 1434 1819 1491 coelorum
1835 1436 1938 1502 Regem

232 1526 433 1598 promiserant
446 1525 652 1598 adimplerent.
678 1526 823 1597 trojanus
844 1542 915 1583 vero
925 1525 1056 1598 populns
1110 1526 1330 1599 deposcebant
1344 1531 1424 1582 tanto
1438 1523 1793 1599 tyrannoctorudeliviro
1808 1523 1937 1578 resistere

233 1614 334 1671 timore
346 1613 476 1686 praedicti
491 1615 705 1684 regiscoaotus,
718 1614 849 1671 etrerbis
864 1615 941 1684 regis
949 1614 1055 1671 dolose
1110 1615 1295 1686 dignaretur.
1311 1616 1374 1681 Quo
1388 1614 1477 1682 iacto,
1489 1613 1675 1671 tancredum
1696 1611 1734 1668 de
1749 1612 1935 1667 Conversano

231 1703 362 1774 pacificis
374 1702 466 1758 fidem
479 1702 655 1771 attribuens,
665 1703 781 1759 comitis
799 1703 942 1759 voluntati
955 1702 1056 1758 farere
1074 1704 1209 1791 Bvirum
1222 1703 1389 1760 mirabilem
1406 1702 1548 1759 custodiri
1563 1700 1729 1758 mandavit.
1746 1700 1780 1755 Et
1794 1699 1877 1755 sieut
1891 1714 1933 1752 so·

230 1791 347 1864 penitus
360 1791 516 1847 recusarit.
532 1796 654 1863 insuper
665 1792 755 1848 etiam
764 1790 1057 1863 episcopuscivitatis
1110 1793 1239 1849 divimus
1262 1791 1344 1866 apud
1371 1790 1499 1849 Siciliam
1521 1790 1656 1862 captivus
1683 1787 1873 1861 perducitur.
1888 1789 1933 1841 h'ec

230 1878 372 1952 populum
386 1885 659 1948 omnemsuaeerat,
674 1883 706 1936 ut
717 1880 794 1951 regis
808 1879 980 1936 fidelitatem
996 1893 1057 1936 non
1111 1896 1207 1946 mora,
1222 1879 1476 1952 civitatemipsam
1483 1877 1695 1943 montisl'ilosi,
1707 1881 1736 1932 et
1746 1875 1933 1931 monasteria

230 1967 397 2024 dimitteret.
417 1969 521 2024 Comes
533 1968 704 2024 autemhme
719 1968 845 2025 audiens
857 1967 1058 2040 quadraginta
1111 1970 1190 2026 viros
1203 1973 1232 2025 et
1246 1968 1393 2034 mulieres,
1409 1983 1513 2025 omnes
1524 1966 1708 2022 habitatores
1721 1980 1791 2020 cum
1811 1962 1934 2035 parvulis

231 2056 345 2113 dierum
358 2056 520 2130 spatioillic
546 2072 731 2113 commorans
756 2057 836 2129 apud
856 2059 1055 2113 beneventum
1111 2074 1214 2115 eorum
1230 2057 1400 2128 inoreignis
1412 2061 1441 2111 et
1451 2055 1543 2125 gladii
1553 2052 1720 2110 trucidarit.
1729 2052 1804 2108 lude
1818 2053 1934 2108 exercitu

231 2144 901 2216 repedavit.Dumethaeo,etaliageruntnr,rex
913 2144 1055 2217 praelatus
1112 2152 1224 2208 amoto,
1236 2161 1324 2201 eursu
1339 2144 1446 2215 rapido
1459 2159 1549 2215 super
1559 2140 1879 2212 Trojanamoivitateni
1895 2139 1936 2193 ad-

232 2234 379 2290 ciritatem
391 2233 511 2289 nomine
532 2235 671 2290 tlateram
696 2232 822 2299 obsedit,
843 2248 934 2305 quam
949 2233 1057 2289 acriter
1111 2235 1200 2290 venit,
1211 2235 1413 2297 Civesauteor‚
1425 2230 1673 2305 quiarerbisejus
1685 2227 1797 2284 indolo
1811 2227 1933 2300 pacificis

231 2337 409 2393 expugnans
421 2320 588 2393 proditione
603 2319 705 2393 populi
718 2320 1056 2393 comprehendit;ibiqne
1111 2320 1458 2386 crediderant,secnriter
1468 2336 1538 2377 eum
1549 2322 1769 2391 exspectavere.
1779 2317 1932 2388 Episcopo

231 2408 493 2466 Giffredumfilium
505 2408 624 2466 Gillredi
639 2409 756 2466 comitis
766 2409 1056 2465 dominnmoivitatis
1110 2409 1212 2481 itaque
1228 2407 1401 2466 Guillelmus
1415 2408 1547 2471 nomine,
1562 2405 1666 2462 civitas
1687 2404 1804 2460 clerum
1822 2417 1931 2458 omnen

232 2498 372 2569 alligavit.
386 2498 499 2564 Quibus
522 2498 565 2554 ita
580 2499 717 2569 peractis,
733 2498 883 2554 civitatem
894 2497 985 2553 aliam
999 2512 1054 2553 no·
1112 2497 1238 2553 civitatis
1252 2501 1280 2553 et
1295 2496 1468 2561 monachos,
1485 2501 1513 2552 et
1527 2495 1607 2551 cives
1621 2507 1804 2560 convocans,
1823 2491 1855 2546 in
1869 2490 1933 2546 albu

230 2588 307 2643 mine
321 2588 429 2643 Ansam
442 2602 504 2641 suae
517 2585 646 2641 obtinuit
659 2586 924 2659 potestati.Revera
939 2585 1057 2641 thesau-
1111 2587 1243 2652 restitus,
1257 2584 1472 2641 eumlandibus
1481 2580 1869 2656 etprocessiouibuscoram
1879 2595 1933 2648 rege

230 2690 297 2732 rum
315 2675 379 2732 auri
390 2680 418 2731 et
429 2673 541 2743 argenti
555 2673 715 2730 Alexandri
727 2674 843 2730 comitis
855 2671 1057 2739 invenitouid
1110 2669 1933 2743 obviavit,oogitansanimiieroeitatemsedare,corpora

229 2764 339 2819 multat
351 2777 454 2819 omnes
464 2761 597 2818 civitates
612 2763 748 2833 ejusdem
765 2760 1055 2828 Alexandrioomitis,
1111 2766 1143 2818 ut
1158 2761 1338 2830 audivimus,
1351 2764 1523 2816 sanctorum
1531 2757 1569 2814 ad
1578 2758 1644 2829 ejirs
1658 2756 1786 2827 gloriam
1798 2763 1934 2812 antaeum

229 2856 259 2908 et
269 2851 380 2924 oppida
393 2865 454 2906 suae
469 2850 607 2907 submisit
626 2850 740 2906 didoni.
763 2850 931 2907 Alexander
958 2849 1055 2921 itaque
1110 2850 1258 2921 perduxit.
1272 2847 1334 2905 Rex
1347 2854 1448 2905 autem
1462 2847 1527 2919 ipse
1544 2846 1719 2902 furibundus
1732 2843 1890 2900 civitatem
1902 2845 1934 2897 in·

230 2955 341 3009 comes,
357 2939 433 2995 sicut
447 2941 622 3007 naufragus,
637 2938 719 3010 apud
736 2937 906 3011 pradictum
919 2937 1056 2995 comitem
1110 2953 1230 3007 gressus
1256 2944 1284 2993 et
1300 2936 1466 2992 securitatis
1482 2935 1559 2990 data
1574 2933 1683 2990 oblitus
1712 2932 1933 3004 processionem

231 3028 444 3100 ltainulphum,
459 3028 517 3083 heu
533 3028 632 3084 miseri
647 3032 784 3083 mortuns
802 3030 857 3084 est.
875 3026 984 3082 Deinde
998 3025 1055 3081 ciri
1073 3053 1096 3113 C
1111 3027 1210 3100 ipsam
1225 3030 1253 3083 et
1269 3025 1393 3099 gloriam
1409 3025 1567 3096 aspicieus,
1584 3021 1737 3080 catholicae
1753 3020 1828 3077 fidei
1840 3021 1931 3077 imme·

229 3121 320 3174 tatem
332 3119 461 3172 tranum
475 3121 504 3172 et
521 3121 612 3171 totam
625 3115 760 3186 Apuliam
772 3115 841 3185 igne
853 3115 990 3187 ferroque
1005 3130 1055 3170 rex
1111 3131 1186 3181 mor,
1200 3119 1228 3170 et
1238 3114 1410 3170 Christianae
1420 3112 1572 3181 religionis
1582 3116 1783 3184 expugnator,
1794 3110 1932 3165 conlisa·

229 3205 293 3277 ipse
309 3203 470 3260 trucidarit.
486 3203 561 3270 Quid
577 3204 691 3259 dicam?
706 3202 788 3274 quod
805 3218 958 3275 nunquam
973 3218 1055 3258 asm-
1109 3204 1246 3259 dentibus
1260 3203 1476 3275 processionem
1489 3200 1569 3257 illam
1592 3198 1738 3256 destruxit
1750 3220 1757 3252 ι
1768 3220 1784 3249 a
1798 3198 1887 3264 Nolo,
1902 3198 1934 3253 in·

231 3292 298 3349 culo
310 3297 356 3348 est
367 3291 525 3347 auditumt
542 3306 593 3347 rex
608 3290 708 3363 ipsein
720 3292 899 3347 Christianos
913 3296 1054 3362 operatus
1108 3292 1180 3364 quit,
1201 3292 1272 3348 nolo
1297 3290 1473 3362 hujusmodi
1495 3288 1632 3359 gloriam,
1657 3286 1709 3343 sed
1736 3287 1800 3342 vita
1826 3288 1932 3345 comite,

229 3384 284 3436 est.
294 3380 403 3437 Deinde
414 3384 510 3435 amoto
522 3379 663 3445 exercitu,
685 3395 736 3434 rex
748 3378 813 3451 ipse
833 3380 977 3449 hogerius
995 3379 1054 3434 hu-
1108 3375 1697 3445 omnesdestruam,etomnesexsulabo.
1708 3396 1720 3425 s
1731 3373 1837 3431 Clarus
1849 3384 1933 3430 autea

229 3483 322 3524 mano
336 3467 629 3537 nundumsanguine
641 3466 1052 3534 satiatusmoobemPilosum,
1108 3473 1137 3524 et
1152 3468 1292 3540 populus,
1308 3468 1360 3541 qui
1375 3466 1493 3524 obviam
1517 3466 1679 3529 exiverant,
1703 3464 1733 3519 in
1748 3462 1859 3534 togam
1876 3477 1932 3518 con·

229 3554 698 3611 ubiTanerednsdeConversano
713 3553 1051 3625 etltogeriusdePteuto
1107 3562 1271 3624 vertuntur,
1295 3552 1347 3623 et,
1363 3555 1438 3612 sicut
1459 3555 1562 3627 potuit,
1587 3554 1715 3626 quisque
1732 3551 1929 3608 absconditur.

228 3642 281 3700 viri
291 3641 461 3699 bellicosiet
474 3641 582 3697 strenui
597 3642 733 3709 aderant,
753 3640 1053 3715 obsedit3quindeoim
1108 3645 1254 3701 Continuo
1267 3645 1347 3701 cives
1361 3644 1470 3701 multos
1485 3643 1682 3714 Troianorum
1699 3640 1930 3712 comprehendit

226 3747 297 3788 vero
311 3731 374 3788 dies
387 3730 568 3788 ibimoratus
583 3731 813 3787 estTancredus
827 3731 1053 3805 itaquaetproe·
1107 3738 1135 3789 et
1149 3732 1298 3798 mulieres,
1312 3737 1342 3789 et
1364 3748 1469 3789 eorum
1484 3729 1613 3787 infantes
1630 3729 1752 3785 vinculis
1768 3728 1931 3784 destinarit.

226 3819 325 3877 dictus
339 3819 484 3890 Rogeriua
502 3818 623 3875 viriliter
637 3822 666 3875 et
677 3818 808 3876 animose
838 3818 900 3889 regi
913 3819 1050 3892 lingerio,
1105 3820 1240 3878 iudicem
1252 3836 1372 3894 quoqne
1383 3818 1683 3884 Robertumnomine,
1692 3816 1930 3889 etquatuoralios

226 3915 255 3965 et
268 3909 332 3979 ejus
347 3907 487 3963 exercitui
496 3906 693 3964 obsistebant.
711 3909 770 3963 Rex
786 3912 886 3964 antem
908 3907 1052 3977 hogerius
1106 3910 1183 3966 viros
1200 3910 1348 3981 sapientes
1356 3912 1466 3981 laqueo
1475 3905 1769 3980 suspendipraecipit.
1783 3904 1931 3961 notavere

226 3994 428 4052 constantiam
442 4010 545 4051 eorum
561 3994 716 4067 aspiciens,
732 3993 888 4052 machinas
900 3995 1051 4067 lignorum
1105 3997 1302 4069 Troianorum
1315 4013 1383 4053 oum
1398 3995 1543 4053 uxoribus
1554 4001 1582 4051 et
1594 3994 1660 4051 filiis
1670 3993 1877 4049 substantiam
1885 4008 1931 4047 om·

226 4087 255 4139 et
270 4081 339 4138 belli
349 4086 605 4155 apparatussuper
619 4089 747 4140 montem
760 4082 1052 4140 Pilosumfieriman-
1105 4101 1174 4143 nem
1190 4085 1403 4160 relinquentes,
1413 4085 1657 4142 adDeneventnm
1667 4082 1821 4152 fugerunt.
1837 4085 1932 4138 Demos

226 4170 317 4228 davit.
329 4170 515 4227 Rustioorum
528 4171 628 4244 itaque
646 4187 754 4227 manus
767 4170 1050 4227 montisPilosiiero-
1104 4165 1225 4247 insuper
1240 4174 1445 4246 trojanorum,
1462 4180 1607 4229 eteorum
1620 4172 1701 4228 bona
1713 4172 1781 4241 igne
1799 4169 1932 4241 ferroque

225 4255 338 4318 citatem
352 4259 439 4329 regis,
460 4265 490 4316 et
515 4260 686 4332 praeliorum
709 4264 833 4317 terrores
868 4261 1051 4333 persentiens
1104 4261 1240 4318 consumi
1255 4261 1437 4335 praecipito
1460 4265 1592 4334 quantus
1613 4260 1711 4316 luctus
1727 4257 1884 4313 mulierum
1909 4261 1932 4311 et

225 4363 358 4421 pugnare
370 4348 716 4405 contraeumnolebant:
734 4348 1004 4405 clamabantetiam
1018 4363 1049 4403 se
1104 4349 1249 4406 intantum
1266 4367 1318 4423 per
1331 4356 1423 4407 totam
1439 4350 1587 4406 civitatem
1607 4349 1765 4419 trojanam
1788 4345 1928 4402 surrexit!

225 4436 347 4494 minime
363 4435 1049 4509 defendereposse.Quidtongins‘ltnbissonan·
1067 4411 1089 4469 ⁰
1103 4438 1189 4506 Quod
1203 4439 1227 4494 si
1237 4443 1379 4495 centenas
1394 4454 1480 4495 voees
1503 4438 1607 4507 lingna
1632 4436 1824 4510 exprimeret,
1852 4435 1927 4507 prins

224 4525 315 4595 tibus,
344 4530 372 4581 et
386 4524 478 4597 praelii
501 4532 644 4597 apparatu
668 4524 748 4581 cirea
773 4542 875 4582 muros
898 4525 1047 4592 inchoato,
1102 4526 1260 4584 detinerem
1275 4523 1838 4599 scribendo,quamomniasingillatim
1855 4536 1928 4578 enar·

223 4617 356 4670 montem
367 4612 497 4669 Pilosom
515 4613 747 4686 circumquaque
776 4612 902 4670 vocibus
917 4613 956 4669 ad
970 4619 1050 4671 astra
1103 4632 1212 4672 rarem.
1230 4615 1339 4671 Diebus
1355 4620 1523 4671 autemnon
1537 4613 1639 4670 multis
1651 4612 1788 4681 evolutis,
1802 4614 1926 4668 exercitu

222 4700 329 4758 levatis
348 4704 510 4772 expugnat.
520 4702 691 4758 Tauoredus
702 4706 801 4757 antem
812 4701 848 4756 de
858 4699 1048 4759 Conversauo
1102 4701 1927 4777 congregatorexpraeiatusapudDelphitanamcivitatem

224 4787 1047 4862 etprasdictusRogeriusaggressionemipsamaspiciens
1103 4794 1261 4862 festinarit,
1275 4810 1375 4866 quam,
1392 4794 1467 4850 sicut
1480 4789 1929 4864 audivimus,rirititercompre

222 4877 505 4953 aquosasccndunt,
532 4883 560 4934 et
585 4878 727 4936 militibus
753 4895 853 4937 eorum
882 4881 1048 4937 seeundum
1102 4883 1237 4941 hendens
1252 4881 1773 4955 suaesubmisitpotestatillooanno
1789 4880 1925 4952 praefatu<

224 4970 301 5025 vires
314 4967 471 5026 obsistunt.
487 4967 758 5025 Novissimeautem
772 4968 1049 5039 jndiciodivinosu-
1102 4973 1247 5029 liebertus
1262 4972 1398 5044 princeps
1409 4971 1514 5028 videus
1525 4970 1707 5027 ferocitatem
1715 4968 1921 5040 Rogeriiregis

258 5111 314 5182 (45)
328 5112 450 5166 Attende
463 5128 519 5183 quo
535 5127 615 5167 more
630 5110 709 5182 olim,
726 5109 773 5181 qui
795 5110 938 5182 suspendii
954 5115 1047 5168 morte
1101 5114 1137 5168 ed
1150 5113 1313 5185 supplicium
1330 5112 1413 5168 trahi.
1430 5114 1487 5167 Nec
1507 5111 1591 5167 aliter
1612 5110 1767 5181 capiendus
1791 5111 1928 5167 Ostiensis

223 5188 304 5237 erant
316 5180 696 5253 plectendi,adsuppliciurn
720 5184 917 5249 ducebantur,
935 5198 1046 5239 namex
1101 5183 1150 5240 tib.
1176 5200 1207 5247 rr,
1224 5201 1286 5255 cap.
1303 5189 1329 5249 2,
1350 5184 1384 5239 iis
1398 5182 1508 5238 verbis:
1526 5183 1638 5247 Videas,
1657 5181 1761 5254 inquit,
1775 5182 1930 5252 aseneum

223 5268 323 5307 eorum
337 5252 694 5324 collopendentemlaquei
711 5252 1045 5310 innemoarniiexrnanu
1100 5272 1127 5311 se
1141 5273 1193 5310 non
1213 5272 1289 5325 posse
1301 5255 1437 5326 penetres
1460 5254 1693 5315 manusermdere,
1720 5254 1813 5322 [auem
1832 5254 1864 5308 ia
1878 5254 1928 5309 cot·

222 5323 362 5386 servabat,
380 5339 413 5377 ae
427 5322 554 5392 preibat.
581 5325 681 5380 Petrus
707 5325 782 5389 Diae,
802 5324 851 5379 lib.
873 5344 914 5390 ur,
932 5341 995 5396 cap.
1009 5327 1044 5379 11
1101 5327 1158 5381 tuni
1172 5342 1253 5381 cuam
1269 5327 1357 5392 misit,
1378 5333 1404 5382 et
1416 5340 1469 5397 per
1484 5341 1580 5380 monus
1601 5325 1793 5395 coniecissem
1804 5326 1841 5379 cd
1854 5325 1927 5396 pris·

222 5392 367 5451 abhacest
376 5397 483 5476 mente,
506 5394 635 5450 animaru
651 5395 748 5451 dicens
766 5397 916 5467 eujusdam
932 5396 1044 5453 Adonis
1098 5396 1252 5468 erpispedes
1263 5411 1292 5452 aa
1304 5396 1387 5452 trebi
1395 5397 1544 5470 praecepit:
1556 5395 1664 5452 scilieet
1675 5398 1708 5451 ut
1720 5411 1799 5464 reus,
1816 5394 1924 5451 mortis.

222 5465 389 5522 adaeternos
398 5467 541 5519 crematus
551 5466 733 5531 damnatam,
760 5465 850 5522 risam
878 5483 940 5524 esse
965 5468 1046 5524 Gebi·
1099 5468 1220 5525 Prason.

221 5535 284 5595 roni
299 5534 441 5592 monacho
455 5534 813 5609 Caseinensijumeatoram
834 5554 912 5596 more
927 5541 1046 5613 ligatam
