3884 6050
219 204 270 265 163
777 200 933 261 renutet
952 199 1108 259 essssatts
1128 206 1157 264 S.
1177 204 1358 265 TRUDONIS
1868 198 1920 261 idi
1940 256 1941 301 ἑ

210 327 358 386 Frederini
372 322 665 385 Alexandrinoscum
680 328 859 401 imperatore
871 329 900 383 et
912 323 1075 383 alexan-e
1093 327 1151 387 iloe
1166 331 1192 390 ei
1207 337 1300 390 totum
1307 331 1491 390 conflaverat
1507 329 1644 387 advocati
1654 327 1820 401 Gysleberti
1832 332 1918 387 vetus

210 419 266 474 dre
279 414 731 474 excommunicatosetobhocin
746 414 1039 473 aecclesiasticacom·
1090 419 1121 474 in
1138 435 1208 479 eum
1218 421 1249 478 in
1258 419 1481 477 novumodium
1493 425 1522 475 et
1534 417 1826 476 detractiocontinua
1836 417 1918 490 apud

210 505 354 562 munione
367 503 569 560 eosvitabnnt.
580 507 677 578 ltaque
687 506 739 580 qui
748 503 1038 567 Romanaeobedien·
1090 506 1190 578 ipsum
1205 507 1436 582 tyrannum‚sed
1450 508 1533 563 testis
1542 505 1663 580 eratqui
1675 506 1760 561 novit
1769 504 1919 562 cordaho·

211 595 257 652 tim
271 593 329 650 sub
341 593 483 665 episcopo
499 592 651 653 Frederico
658 594 914 667 obtemperabant,
925 593 1036 665 predae
1092 598 1217 667 minum,
1229 598 1300 670 quia
1315 600 1412 668 preter
1439 598 1605 652 Romanam
1628 592 1833 652 obedientiam
1855 609 1919 650 non

209 688 238 740 et
251 683 431 755 direptiones
446 686 474 737 et
489 682 968 753 captivitatesignemetgtadium
983 696 1038 754 per
1090 687 1257 756 peccaverit
1270 688 1299 742 in
1313 684 1407 741 illum.

208 771 421 829 menandriana
436 770 543 829 cotidie
556 771 752 829 sustinebant.
765 771 839 829 Nulli
857 771 948 841 artati,
963 770 1036 827 nulii
1126 773 1183 830 t.0
1195 773 1333 846 quotiens
1342 771 1490 829 tidelioree
1496 777 1525 828 et
1536 770 1673 829 meliores
1680 769 1823 827 aecclesiae
1831 769 1917 827 dom·

209 860 300 925 sexui,
321 858 395 915 nulli
416 858 512 915 ordini
542 874 674 931 parcere,
700 863 797 917 totum
823 858 1037 933 persecutionis
1089 875 1164 917 num
1187 859 1330 918 abbatem
1340 851 1723 917 convenerunthumiilimis
1738 857 1878 930 precibus
1888 865 1918 915 et

207 953 314 1005 reatum
329 961 418 1021 super
433 946 583 1003 arctestas
598 952 659 1004 tam
669 947 1037 1020 inmonachosquamcle·
1090 949 1148 1021 piis
1169 948 1439 1016 obsecrationibus,
1456 946 1664 1021 pretendentes
1679 947 1706 1005 ei
1721 946 1917 1019 tempestuosi

208 1036 285 1092 ricos
305 1033 543 1105 effunderevagi
555 1041 585 1092 et
602 1034 732 1108 profugi.
743 1036 834 1093 laceri
848 1041 877 1093 et
886 1035 1037 1092 seminudi
1090 1037 1234 1111 temporis
1245 1034 1721 1110 tempestatem‚utpromissasibi
1736 1035 1819 1109 prius
1832 1050 1917 1091 seeu-

206 1123 290 1179 mutti
304 1127 367 1179 tam
379 1121 520 1179 monachi
534 1124 731 1196 quamcleriei
741 1125 798 1183 hac
812 1125 942 1198 illacque
953 1139 1038 1181 men·
1089 1124 1286 1194 ritate,oilerri
1297 1142 1329 1183 se
1343 1128 1493 1198 pateretur
1508 1141 1527 1181 a
1545 1122 1685 1180 fidelibus
1699 1123 1769 1180 viris
1788 1123 1917 1195 impera·

207 1210 318 1267 dicare.
334 1211 382 1267 Sic
396 1210 538 1276 vidimus,
555 1213 597 1268 sic
614 1212 797 1280 audivimus,
811 1213 855 1270 sie
866 1213 1035 1270 scribimus.
1090 1214 1296 1280 tori,et0sculo
1310 1217 1462 1271 tantumet
1473 1211 1656 1285 colloquioei
1667 1211 1914 1279 communicaret.

243 1304 269 1355 ὃ.
281 1298 448 1356 Alexander
458 1300 575 1356 civitate
588 1305 618 1357 et
630 1301 760 1358 castellis
775 1305 887 1373 eiectus
901 1300 958 1357 sub
968 1316 1036 1373 pre·
1090 1306 1119 1359 et
1129 1303 1172 1359 sic
1188 1301 1330 1374 deinceps
1350 1317 1459 1373 pacem
1480 1306 1509 1357 et
1522 1300 1649 1370 gratiam
1668 1301 1733 1371 ejus
1758 1303 1821 1358 tam
1847 1299 1915 1373 ipse

206 1385 291 1444 dictis
305 1386 454 1444 tutoribus
461 1392 564 1444 nostro
574 1389 688 1461 oppido
695 1390 863 1462 frequenter
871 1405 904 1446 se
913 1390 1035 1462 recipie-
1089 1405 1183 1464 qnam
1191 1388 1540 1447 bonanostrahaberent.
1556 1390 1693 1461 Cumque
1706 1387 1843 1445 evincere
1849 1404 1913 1445 non

206 1475 259 1532 bat
278 1482 306 1532 et
329 1480 482 1534 tantorum
510 1476 659 1533 malorum
686 1477 858 1534 incendium
873 1478 980 1534 acriter
1004 1493 1036 1533 se
1090 1483 1221 1552 possent,
1236 1476 1914 1551 quieiileconstauterdicehatservandameibi

206 1563 326 1633 agebat.
333 1563 482 1636 Oppidani
497 1567 587 1620 nostri
598 1580 706 1621 omnes
717 1565 757 1621 iili
782 1565 931 1622 favorales
950 1567 1036 1622 erant
1088 1566 1290 1623 obedientiam
1305 1568 1473 1622 itomanam
1487 1570 1516 1622 et
1530 1564 1770 1621 communionem
1789 1564 1914 1622 catholi-
1940 1631 1941 1634 Ἴ

211 1656 312 1724 utpote
321 1651 620 1724 semperlevissimus
635 1653 675 1709 ad
690 1653 760 1710 talia
772 1653 912 1727 populus.
929 1654 961 1711 ln
974 1657 1035 1711 tota
1049 1666 1072 1725 fl
1088 1654 1312 1724 cam,conviciis
1325 1652 1465 1711 affectum
1480 1652 1730 1725 aspernabantur,
1739 1658 1769 1709 et
1787 1652 1914 1713 sinistris

206 1738 367 1796 Brabantia
379 1745 407 1795 et
419 1744 478 1796 tota
493 1737 643 1796 Hesbania
656 1756 718 1796 non
733 1747 795 1797 erat
820 1741 962 1813 princeps
985 1748 1037 1799 aut
1087 1743 1227 1817 auspiciis
1251 1742 1430 1800 devoventes
1457 1742 1566 1798 iratum
1581 1741 1679 1798 solum
1692 1741 1912 1814 relinquebant.

205 1825 358 1889 dominus,
367 1824 419 1899 qui
432 1825 666 1882 Alexandronon
676 1827 850 1885 taveretaut
860 1844 929 1885 eum
943 1833 1037 1885 tuere·
1085 1834 1155 1887 Nam
1172 1833 1197 1887 si
1211 1830 1334 1903 quando
1343 1827 1657 1901 traiectumttiittsive
1667 1827 1913 1903 leodiumimpe·

205 1917 261 1978 tur,
273 1913 355 1973 solue
366 1914 508 1969 Lunensis
521 1929 621 1971 comes
632 1915 774 1972 Arnulius
789 1916 866 1973 inter
891 1920 1035 1989 utrosque
1084 1925 1165 1977 rator
1175 1920 1315 1989 venisset,
1331 1918 1380 1975 vix
1391 1933 1460 1974 eum
1475 1921 1572 1973 tutum
1583 1917 1828 1987 possesoreintra
1840 1924 1914 1975 tem-

204 2002 376 2059 mediumse
385 2001 661 2071 agebat,Frederico
669 2009 768 2061 tamen
776 2005 874 2076 magis
881 2003 1034 2078 obtempe·
1083 2006 1125 2079 pli
1138 2023 1260 2081 quoque
1283 2007 1377 2063 nostri
1398 2004 1629 2077 parietcsamici
1644 2004 1709 2077 ejus
1723 2005 1887 2063 credebant
1902 2024 1910 2074 ;

201 2089 1032 2164 ransexdominipapaeobedientiaquamAlexandroex
1083 2091 1911 2167 quodetatexandrtnipturtmumconcitabanttpseta·

203 2177 586 2251 imperatorisvioientia.tn
601 2179 701 2235 medio
712 2179 841 2236 nabonis
854 2188 914 2237 tam
929 2195 1031 2252 pravas
1081 2197 1152 2239 men
1165 2179 1701 2253 nichilominusquantumvalebatab
1714 2180 1911 2238 ecclesiano-

203 2270 291 2338 atque
304 2264 496 2338 perversam
511 2264 737 2338 multaspiritus
747 2268 839 2326 nostri
854 2267 1032 2337 angustiari
1080 2275 1125 2327 tra
1138 2268 1329 2336 eosarcebat,
1344 2273 1374 2325 et
1388 2266 1548 2342 siquando
1561 2268 1601 2325 ad
1617 2283 1712 2325 unum
1734 2268 1910 2327 altariorum

201 2352 301 2410 carnis
317 2358 425 2409 nostrae
439 2368 544 2409 amera
555 2353 693 2426 penuria,
703 2353 949 2428 licetdepredata‚
963 2356 1031 2415 licet
1080 2366 1251 2418 nostrorum
1260 2357 1298 2416 ab
1311 2373 1372 2415 uno
1382 2372 1507 2416 suorum
1524 2357 1694 2415 ttexandro
1703 2357 1795 2416 missa
1807 2364 1910 2416 canta·

201 2440 1030 2508 afflicta,servabattamenrecctesianostracumdomno
1079 2445 1910 2519 returuultumnostrorummissamibicantarepermit·

201 2528 311 2587 abbate
321 2528 527 2586 obedientiam
542 2532 683 2586 Romanae
695 2530 884 2597 ecclesiast
896 2531 1030 2589 inconta·
1079 2537 1161 2595 tebet
1171 2534 1749 2608 amplius,donecbenedictionedataab
1759 2535 1905 2609 episcopo

201 2617 1030 2678 minatamsecustodiebatreexcommunicetorumcon-
1079 2625 1230 2682 Frederioo
1246 2623 1496 2680 reconciliaretur.
1508 2622 1693 2680 Preteribant
1716 2621 1780 2679 dies
1794 2630 1909 2680 sanctae

200 2704 355 2763 munione.
370 2707 558 2778 Quapropter
567 2705 612 2763 ira
626 2706 808 2777 gravissima
831 2716 858 2764 et
871 2709 941 2766 odio
952 2709 1029 2767 into·
1077 2712 1317 2788 quadragesimas
1331 2725 1449 2767 necnon
1464 2709 1555 2767 simul
1569 2711 1718 2783 passionis
1745 2710 1908 2769 dominicae

199 2793 518 2867 lerabiliatquerapina
526 2791 557 2849 in
563 2793 857 2852 domnumabbatem
864 2795 1028 2854 Rodulium
1077 2800 1181 2883 (itii),
1196 2806 1225 2857 et
1240 2806 1301 2856 tota
1313 2798 1446 2856 aeclesia
1459 2804 1562 2855 nostra
1575 2814 1646 2855 cum
1658 2799 1773 2856 domno
1793 2799 1907 2858 abbate

200 2884 264 2942 etin
272 2889 391 2939 nostros
410 2890 439 2939 et
456 2888 559 2940 nostra
577 2898 683 2941 omnes
696 2885 878 2953 terebantur,
891 2885 1028 2960 quicum·
1077 2884 1254 2963 agonizabat
1271 2888 1462 2944 vehementer
1484 2885 1517 2943 in
1542 2886 1600 2943 hae
1625 2888 1777 2959 passione.
1789 2886 1836 2943 Nil
1848 2902 1909 2946 nos

198 2988 259 3047 que
286 2972 499 3046 imperatorem
525 2977 554 3029 et
581 2988 671 3031 suum
692 2972 895 3032 alexandrum
921 2991 1027 3049 seque·
1043 3004 1065 3062 G
1076 2977 1180 3050 juvare
1195 2980 1321 3049 peterat,
1334 2972 1418 3047 quod
1432 2973 1555 3031 consitio
1582 2977 1611 3031 et
1636 2974 1738 3032 multis
1765 2975 1907 3049 precibus

197 3061 323 3120 bantur.
1078 3065 1213 3124 fidelium
1226 3062 1368 3121 aeclesiae
1381 3077 1487 3135 pacem
1502 3065 1531 3119 et
1541 3064 1729 3121 amaritabm
1743 3069 1805 3121 tam
1814 3067 1908 3124 nostri

234 3154 260 3207 e.
274 3152 306 3205 tn
318 3154 453 3221 tempore
465 3148 515 3206 illo
530 3152 558 3206 et
572 3149 603 3206 in
617 3148 723 3206 dicbus
740 3148 798 3206 illis
813 3150 930 3224 scripsit
940 3151 1026 3210 dom·
1077 3170 1173 3229 quam
1186 3153 1337 3210 bonorum
1357 3156 1531 3210 nostrorum
1545 3151 1744 3211 credebamm
1755 3168 1813 3210 nos
1826 3154 1908 3212 redi·

198 3252 257 3295 nus
267 3237 360 3294 abbas
374 3236 518 3295 ttodulius
539 3236 705 3311 epystolam
720 3237 760 3294 ad
774 3236 875 3310 ipsum
899 3239 1026 3298 Alexan·
1078 3241 1213 3300 missali
1235 3239 1344 3298 marcis
1366 3238 1642 3319 aLovaniense‚20
1656 3256 1674 3297 a
1688 3240 1903 3310 liurectriense,

199 3325 299 3391 drum,
310 3331 338 3383 et
357 3325 448 3382 adam
469 3324 509 3381 ad
524 3325 679 3397 quendam
701 3324 738 3381 de
753 3326 825 3390 suis,
840 3327 1026 3398 redarguens
1077 3328 1229 3403 impeditis
1242 3343 1311 3401 quae
1323 3327 1591 3396 supererantnobis
1602 3326 1778 3386 subicenore
1789 3329 1907 3402 prohao

200 3429 330 3470 eoscum
344 3428 457 3483 magna
465 3413 599 3470 libertate
607 3413 699 3470 animi
708 3418 737 3470 et
748 3415 913 3471 constantia
919 3421 947 3471 et
956 3431 1027 3473 auc·
1077 3417 1256 3490 gravissima
1269 3416 1357 3474 nobis
1376 3414 1542 3472 exactione.
1552 3415 1665 3472 lnimici
1682 3415 1733 3473 liei
1747 3420 1777 3474 et
1790 3423 1907 3475 sanetae

200 3501 315 3558 toritate
327 3501 365 3557 de
379 3500 482 3557 illicita
494 3500 560 3573 ejus
588 3499 745 3558 invasione
761 3506 789 3558 et
803 3501 841 3559 de
867 3504 1025 3575 tyrannide
1077 3504 1220 3564 aecclesia
1231 3505 1416 3561 mentiuntur
1436 3502 1630 3574 promissum,
1646 3509 1792 3576 rumpunt
1811 3504 1907 3563 fldem

199 3604 293 3662 quam
304 3590 334 3645 in
348 3587 505 3646 ecclesiam
517 3587 695 3646 exercebant
709 3588 862 3652 cotidiaci
872 3591 1024 3649 instruens
1076 3592 1406 3664 VentumjamJ'amesse
1413 3589 1905 3660 minanturadelausutam,scilicet

199 3693 252 3735 eos
262 3693 331 3751 ques
344 3682 423 3733 esset
438 3677 584 3734 canonica
598 3676 700 3733 electio
714 3681 742 3734 at
756 3676 796 3733 ad
817 3678 1024 3751 episcopatum
1076 3682 1127 3735 eut
1140 3677 1280 3736 abbatem
1293 3679 1336 3734 eis
1349 3677 1652 3746 communicaturum,
1668 3682 1721 3734 aut
1737 3676 1841 3736 loeoei
1850 3680 1906 3746 ab

199 3765 408 3822 ecclesiastica
430 3765 578 3836 promotio
602 3768 631 3820 et
653 3764 691 3820 de
718 3765 908 3836 imperatoris
930 3765 1023 3824 dono.
1075 3767 1163 3824 batiae
1173 3782 1328 3824 cessurum
1336 3765 1399 3824 sive
1410 3765 1566 3823 fameeum
1580 3765 1905 3829 omnibusnobisinea

198 3852 288 3911 llam
297 3852 321 3909 si
336 3857 509 3926 queruntur,
519 3852 548 3907 in
564 3851 714 3908 volumine
728 3851 943 3924 opusculorum
958 3854 1024 3926 ejus
1075 3855 1362 3927 moriturumttque
1372 3853 1413 3912 ad
1422 3852 1603 3940 complenda
1613 3853 1815 3926 eorumtenga
1822 3853 1904 3913 desi·

197 3938 624 4012 invenientureedqutdtrton
632 3940 759 3997 mutavit
767 3940 902 4014 AEthiops
914 3941 1023 4014 pellem
1074 3941 1157 4000 deria
1171 3942 1346 4015 hujusmodi
1360 3949 1403 3999 est
1414 3941 1456 3998 eis
1469 3941 1588 3999 occasio
1606 3939 1740 4000 suborta.

198 4043 286 4085 suam
300 4043 397 4099 neque
412 4027 445 4064 ⁸¹⁸
458 4026 572 4100 pardus
594 4026 778 4086 varietatem.
793 4031 907 4087 interea
929 4030 1023 4088 Losa-
1111 4033 1138 4089 8.
1151 4030 1449 4088 Infirmatamatrona
1458 4027 1668 4099 densioribus
1675 4028 1902 4102 oppidanorum

197 4113 310 4172 niensis
324 4114 465 4171 dominus
480 4113 689 4172 villaenostras
699 4119 728 4171 et
742 4114 891 4173 aecclesias
905 4122 1023 4191 etquce·
1075 4118 1296 4193 propinquabat
1309 4117 1349 4175 ad
1362 4121 1489 4175 mortem
1502 4135 1511 4189 ;
1528 4133 1597 4191 spes
1608 4116 1726 4174 vivendi
1740 4116 1824 4174 nulla
1835 4126 1904 4177 erat

197 4201 1023 4276 cumquedenostris,dominiosuoadjaoehantmilitibus
1076 4205 1412 4264 Conveniuntabbatem
1420 4204 1772 4278 fitiietparentes‚rogant
1786 4209 1902 4271 uicum

197 4290 260 4348 stris
266 4287 467 4356 disbibmrat,
475 4303 577 4347 comes
587 4304 657 4347 vero
664 4290 853 4364 Gyslebertus
860 4292 1023 4351 advocatus
1075 4293 1423 4365 defungeretunmiasam
1436 4298 1466 4350 et
1475 4291 1775 4366 exequialiademore
1787 4293 1905 4352 siface-

197 4381 298 4436 noster
310 4376 348 4433 de
361 4378 550 4452 nostrisque
558 4376 584 4433 ei
591 4376 790 4450 subjacebant
802 4378 937 4437 similiter
948 4380 1023 4439 tece-
1076 4385 1128 4439 ret.
1143 4381 1220 4446 Quid
1231 4379 1360 4437 iacereti
1374 4382 1514 4437 annuere
1527 4379 1570 4437 eis
1581 4380 1665 4453 quod
1685 4394 1747 4436 non
1765 4378 1901 4440 tacturus

195 4469 251 4522 ret
263 4465 428 4538 tleynricus
440 4465 620 4522 castellanus
633 4466 671 4522 de
685 4465 805 4533 cohme,
819 4465 1022 4526 ministerialis
1075 4472 1220 4533 arrisum
1228 4482 1289 4524 non
1300 4466 1427 4524 decebat
1430 4485 1440 4539 ;
1455 4482 1565 4538 negare
1577 4481 1762 4541 causamque
1773 4483 1902 4540 queren-

196 4549 564 4623 imperatoris‚quaesupra
572 4550 720 4608 Mosellam
727 4551 1021 4614 videbamurhabere
1076 4555 1156 4612 tibus
1167 4555 1275 4628 dicere,
1286 4554 1391 4612 seditio
1400 4553 1577 4611 tuturaerat.
1593 4552 1670 4620 Quid
1682 4553 1830 4611 tandem?
1844 4557 1900 4613 Re-

194 4637 375 4711 poesidehat‚
387 4637 516 4712 quisque
528 4637 732 4703 dominorum,
747 4637 840 4694 immo
855 4645 1019 4711 raptorum,
1074 4641 1233 4714 sponditse
1244 4641 1431 4700 nonaudere.
1441 4640 1737 4714 Querentibusquare
1752 4642 1825 4699 :Pro
1835 4657 1900 4700 aer·

191 4729 279 4800 prout
292 4724 335 4781 eis
348 4730 451 4782 nostra
465 4723 685 4793 contingebant.
702 4723 804 4780 solum
818 4725 921 4784 deerat
943 4730 1020 4787 votis
1073 4730 1173 4788 vando
1185 4729 1497 4803 miti‚inqnit‚aoncto
1509 4729 1711 4785 communione
1720 4746 1728 4798 3
1738 4728 1792 4786 sed
1807 4729 1832 4786 si
1839 4730 1898 4789 viri

192 4809 799 4870 Alexandrinorumetaulicorumdomnus
807 4810 1020 4873 abbasliodut·
1072 4821 1187 4874 matum
1201 4814 1624 4889 veltentabesse,presentibus
1637 4815 1813 4873 mulieribus
1823 4819 1897 4876 mis·

190 4899 252 4969 lus,
258 4900 491 4958 desiderantium
505 4897 765 4972 eumquandoque
774 4914 876 4972 rapere
885 4905 914 4960 ei
924 4902 1018 4977 impe-
1071 4920 1138 4962 sam
1149 4909 1178 4962 et
1191 4905 1358 4979 exequialia
1367 4919 1428 4961 non
1442 4905 1719 4975 timeretperagere.
1734 4906 1897 4978 Suggesee·

189 4987 282 5048 ratori
291 4984 550 5047 dehonestandum
563 5000 618 5059 pro
632 4999 746 5058 magno
760 5002 885 5048 munere
898 4989 1015 5050 offena.
1070 4998 1139 5051 runt
1152 4993 1284 5051 crebrius
1296 4992 1412 5061 eadem.
1427 4995 1456 5050 et
1465 4991 1572 5050 eadem
1585 4991 1798 5052 nichilominus
1811 4992 1895 5057 abeo

873 5087 988 5146 vetttAE
1009 5089 1210 5148 Licttottts.

232 5179 265 5219 ⁸¹¹
280 5179 332 5237 tta
345 5210 380 5225 -
392 5179 582 5238 invenientur
594 5179 742 5239 desueti).
779 5179 813 5219 ⁸¹·
826 5194 925 5257 neque
937 5199 967 5259 p.
983 5201 1012 5244 v.
1022 5185 1126 5246 decem
1137 5185 1170 5242 D.

227 5365 305 5460 (eu)
315 5364 473 5427 mutant.
985 5271 1096 5334 Now·
