3884 6050
12 274 106 339 1085
512 278 560 340 DE
579 277 676 342 ORTU
695 277 746 340 ET
764 276 874 341 oetttt
894 274 1082 341 IUSTORUM
1102 278 1223 343 CASlN.
1653 274 1732 338 {080

13 412 83 477 set,
92 406 382 480 gaudiogestionsad
389 408 848 484 sociosveloxrepedarecuravit
866 411 889 474 Α
906 416 938 467 ut
951 409 1005 485 qui
1021 410 1094 469 mihi
1109 411 1211 471 tribuit
1221 410 1306 479 velle,
1318 411 1556 484 donetetposse3
1568 410 1733 482 sanctoque

12 513 112 571 aquo
120 514 189 555 cum
197 498 327 557 seriatim
336 498 407 556 socii
415 504 524 557 cuncta
534 497 851 574 didicissent,perculsi
906 501 982 557 Patri
994 516 1026 559 se
1040 501 1257 560 commendans
1267 501 1466 575 compsanam
1476 498 1554 557 redit
1566 498 1604 554 ad
1616 496 1732 558 urbem.

11 586 159 659 prodigio
170 591 261 653 tanto,
279 586 454 662 palmasque
468 589 508 646 ed
525 589 623 648 sidera
632 585 852 656 tollentes,celsi
942 589 974 646 iii
988 592 1296 665 autemquorumbaec
1311 589 1606 663 consultoperegerat
1620 602 1732 655 eomes,

14 674 217 733 clementiam
237 677 624 753 Regislandarecmperunt,
635 684 664 736 et
676 677 853 753 quantocius
905 694 976 736 eum
990 679 1340 755 rediisseperspicientes,
1356 680 1425 756 quid
1437 680 1467 737 in
1491 677 1598 737 Casino
1627 677 1734 735 viderit

15 770 164 823 sanctum
189 766 287 822 virum
310 764 431 826 adeunt.
447 768 499 826 Ast
522 767 574 826 ubl
587 768 628 825 ad
648 784 717 826 eum
733 782 850 835 venere,
906 765 1059 826 sollicitius
1068 785 1136 827 eum
1149 768 1333 842 interrogare
1347 771 1512 844 eruperunt.
1531 769 1612 825 tunc
1632 780 1733 824 comes

16 854 94 912 soto
106 855 255 928 prostrati,
272 860 367 930 utpro
386 856 445 913 tilis
466 860 551 915 Pater
574 857 781 916 sanctissimus
794 857 853 915 Deo
905 858 945 915 ad
957 858 1024 916 heo
1037 878 1043 919 :
1060 880 1075 911 e
1091 858 1155 919 vidi
1167 858 1262 932 plane,
1275 864 1309 917 ut
1322 875 1422 917 verum
1434 857 1537 928 iatear,
1546 855 1733 916 casinimon-

15 948 138 1003 cuncta
149 944 261 1015 regenti
271 959 375 1019 preces
386 945 675 1020 tunderet,tlagitare
688 951 851 1021 eruperunt.
906 946 945 1004 tis
956 947 988 1003 in
1003 947 1109 1006 vertice
1123 947 1271 1006 coetestem
1287 948 1317 1005 in
1337 953 1417 1006 terra
1430 946 1555 1005 chorum
1561 945 1733 1016 degentem,

16 1034 108 1099 Quos
118 1033 161 1089 vir
172 1033 288 1090 bomini
303 1039 408 1092 eterra
433 1035 564 1103 elevans,
583 1041 614 1094 ut
642 1036 691 1094 die
710 1051 746 1094 sc
769 1038 853 1093 nocte
907 1048 943 1092 aa
957 1034 1123 1094 coelestium
1135 1053 1219 1095 more
1233 1037 1392 1112 spirituum
1415 1031 1735 1108 borispeneomnibus

17 1121 142 1179 summi
152 1121 182 1179 in
193 1122 262 1195 jura
284 1123 396 1181 Satoris
419 1124 632 1184 meditarentur
657 1123 852 1192 commonuit,
907 1126 997 1196 atque
1012 1125 1448 1185 momentissabaothcoetestia
1462 1126 1678 1198 supersceptre
1690 1136 1735 1178 re·

14 1209 295 1284 benedictioneque
307 1227 365 1270 sua
371 1212 437 1271 illos
451 1228 657 1281 remunerans,
665 1214 808 1289 repedare
814 1212 854 1270 sd
906 1217 1050 1286 gnantem
1063 1214 1223 1273 laudantes
1239 1231 1247 1282 ;
1262 1213 1371 1289 quibus
1381 1214 1479 1271 vivere
1495 1212 1628 1271 cbristus
1639 1215 1695 1277 est,
1707 1214 1736 1268 et

16 1299 367 1374 proprialecit.1nterea
385 1302 584 1361 volitatlama
604 1304 670 1362 haec
695 1319 748 1378 per
772 1318 854 1369 rura,
906 1301 1125 1360 morilucrum.
1146 1305 1180 1361 Et
1193 1303 1267 1378 quid
1290 1319 1346 1377 ego
1368 1301 1499 1361 vohisde
1513 1317 1619 1359 eorum
1640 1298 1735 1356 relero

15 1404 81 1462 per
93 1389 376 1465 urbes,ielicemque
386 1392 475 1449 nimis
486 1394 855 1468 sesetuncqaisqueputa·
907 1389 984 1447 vitai
998 1389 1070 1448 illos
1083 1390 1173 1464 plane
1199 1394 1282 1449 Jesus
1306 1391 1437 1449 Christus
1457 1389 1601 1449 Dominus
1632 1389 1737 1444 noster

17 1477 89 1547 bat,
106 1479 131 1535 si
147 1478 192 1536 vel
207 1479 306 1537 videre
318 1480 366 1538 vel
388 1480 628 1540 benedictionem
641 1483 706 1555 ejus
718 1481 855 1553 accipere
906 1476 995 1549 elegit
1008 1483 1077 1536 ante
1092 1479 1198 1537 mundi
1211 1479 1463 1546 constitutionem,
1479 1483 1511 1535 nt
1527 1482 1627 1536 essent
1640 1472 1737 1533 sancti

18 1567 179 1640 potuisset.
198 1569 283 1626 tanti
296 1569 386 1642 igitur
399 1571 492 1628 Patris
503 1571 680 1629 miraculum
687 1570 727 1628 ab
740 1571 787 1627 his
802 1567 855 1642 qui
907 1569 935 1623 et
949 1566 1133 1626 immaculati
1141 1569 1171 1626 in
1178 1573 1337 1642 conspectu
1345 1570 1419 1643 ejus.
1430 1572 1543 1641 Nempe
1551 1566 1624 1624 mihi
1630 1563 1736 1638 sophi·

18 1655 164 1713 viderant
177 1656 208 1713 ia
223 1658 375 1716 casinensi
387 1659 526 1717 caenobio
539 1660 678 1718 iratribus
700 1676 771 1717 cum
782 1675 855 1716 nun·
907 1659 1022 1714 starum
1034 1657 1058 1712 si
1072 1658 1277 1731 suppeditaret
1293 1657 1445 1724 facundia,
1461 1657 1501 1714 ad
1526 1652 1734 1713 casinensium

18 1745 132 1803 tiatum
148 1745 261 1812 luisset,
277 1752 305 1806 et
318 1747 447 1822 qualiter
461 1765 556 1822 quove
575 1749 642 1807 ioco
656 1750 856 1807 evenissetor·
871 1776 893 1837 Β
908 1745 1062 1803 narranda
1075 1746 1221 1820 proscenia
1228 1747 1418 1805 iratrumnon
1429 1741 1737 1820 usquequaqnesuffl·

20 1833 98 1891 dine
113 1833 286 1905 diligentius
301 1837 494 1910 inquisissent
513 1837 725 1912 cunctipotenti
753 1836 856 1910 opifici
908 1837 1588 1912 cerer.tutusnamquemontisinverticetssus
1604 1834 1736 1891 Christus

21 1927 127 1993 grates
140 1922 215 1981 terre
230 1931 383 1998 coeperunt
396 1925 529 1985 dicentes
542 1944 549 1984 ε
561 1950 576 1979 «
605 1927 719 1984 Gratias
730 1925 783 1984 tibi
795 1924 856 1997 agi·
910 1929 970 1984 ilex
977 1942 1099 1998 regnum
1107 1932 1237 1986 osternas
1249 1927 1393 2002 templum
1404 1925 1461 1984 sibi
1475 1925 1737 1984 construxit.»1iac

23 2028 108 2079 mus,
119 2012 354 2071 mortaliumvita
368 2014 579 2090 salusque,qui
589 2014 752 2074 casinense
758 2028 857 2071 coeno·
909 2015 984 2073 dum
999 2031 1101 2074 comes
1114 2015 1248 2082 dixisset,
1258 2015 1496 2074 reminiscensea
1510 2012 1736 2088 quesibitpol·

22 2099 115 2158 bium
125 2106 207 2158 tante
221 2101 385 2160 sublimasti
397 2103 502 2174 gloria,
515 2104 586 2162 utin
599 2103 721 2178 speciali
743 2100 857 2159 lamule
910 2104 1050 2162 linarisin
1058 2104 1164 2164 Casino
1172 2104 1269 2163 abbas
1279 2103 1488 2162 sanctissimus
1504 2101 1737 2174 dixerat,mundi

23 2188 856 2265 tuoApollinaretetotaperorbemmagniflcetiicoiesia.
910 2194 1026 2251 naenias
1037 2193 1277 2268 quisquiliasque
1305 2200 1511 2265 contemnens,
1532 2191 1741 2263 veternosique

24 2280 770 2356 Sanctusautembomini,expletishisproquibns
784 2280 859 2337 ierat
911 2281 1045 2356 chelydri
1058 2282 1216 2349 versutias,
1231 2281 1300 2340 celsi
1332 2282 1418 2353 Regis
1442 2280 1535 2338 iratus
1560 2279 1737 2344 munimine,

24 2367 169 2425 Casinum
189 2384 258 2426 cum
271 2384 405 2427 reversus
433 2370 544 2437 fuisset,
561 2371 589 2428 in
616 2385 724 2443 magna
736 2385 774 2427 ex
789 2373 859 2426 tunc
912 2366 1739 2446 calcans,fluxamquererumcopiamspernens,cervice

26 2458 253 2517 venerationea
273 2458 415 2518 iratribus
437 2461 526 2534 coepit
547 2460 664 2519 haberi.
678 2458 858 2534 Apollinaris
913 2464 999 2517 tenus
1014 2459 1109 2517 terrea
1123 2459 1230 2532 ligatus
1244 2465 1359 2529 catena,
1384 2459 1543 2517 Casinease
1566 2456 1739 2517 coenobium

25 2562 100 2605 vero
112 2549 195 2604 Pater
210 2549 400 2607 venerandus
412 2548 447 2607 de
460 2549 566 2608 virtute
588 2549 619 2607 in
634 2549 773 2607 virtutem
794 2563 860 2605 suc·
911 2547 988 2606 flens
1000 2553 1030 2605 et
1040 2547 1739 2623 ejutsnssdiit,spolttnsremqusmoetumcon-

26 2651 181 2707 crescens,
194 2652 256 2697 non
283 2636 314 2695 in
342 2638 471 2710 gloriam
492 2639 533 2697 ob
559 2639 617 2698 hoc
639 2643 684 2697 est
697 2638 860 2697 elatusbu·
911 2635 1739 2712 veniens,poplitemobtutumqueadarvadetocans,sic

28 2740 169 2784 menam.
911 2726 938 2783 ei
950 2742 1036 2784 orsus
1045 2733 1091 2784 est
1104 2726 1160 2784 tari
1176 2745 1183 2787 :
1202 2728 1363 2785 «Miserere
1373 2726 1444 2795 mei,
1453 2730 1537 2784 Pater
1551 2724 1739 2784 sanctissime

65 2815 138 2871 num
153 2814 314 2889 igiturejns
328 2815 860 2891 iamavirtutumlongeleteqnecun·
910 2815 1009 2889 recipe
1019 2815 1254 2889 pmnitentemet
1279 2815 1467 2888 languidum,
1495 2816 1655 2890 stygiaque
1680 2812 1739 2872 sub

27 2907 148 2961 ctorum
163 2910 335 2978 spageretor
349 2922 478 2979 perora,
494 2906 650 2965 Radelchis
670 2907 858 2981 Compsanus
911 2904 1034 2979 lympha
1042 2906 1218 2981 depressum
1229 2905 1379 2964 benedicti
1387 2906 1519 2963 cauterio
1526 2920 1673 2962 ureznam
1682 2919 1739 2962 nos

28 3008 143 3064 comes,
158 2993 220 3069 qui,
232 2993 383 3054 interiecto
397 2996 555 3064 Grimoald,
580 2996 720 3055 Siconem
738 2996 769 3054 in
782 2993 858 3070 prin·
912 2999 951 3052 est
962 3009 1037 3067 epus
1051 2994 1133 3054 sanis
1146 2995 1427 3065 ordinassemus
1439 2992 1739 3067 tabentibustiiettlt.

28 3085 128 3157 cipem
143 3083 341 3156 substituerat,
357 3085 420 3158 ejus
432 3086 576 3144 virtutum
595 3085 709 3143 mnsam
722 3084 856 3151 audiens,
872 3134 895 3199 c
911 3102 950 3154 rx,
965 3083 1010 3159 tt)
1026 3101 1034 3154 ;
1050 3085 1167 3159 suscipe
1182 3086 1294 3145 innoxii
1306 3086 1419 3143 cruoris
1440 3083 1578 3154 lusorem,
1592 3082 1684 3140 reduc
1700 3080 1740 3141 ad

28 3180 58 3231 et
73 3172 199 3231 noxium
218 3189 250 3231 se
263 3189 369 3232 cruore
385 3174 501 3233 domini
515 3174 560 3232 sui
570 3190 657 3249 quem
670 3173 859 3233 interiecerat
912 3173 1105 3233 caulasovem
1115 3173 1606 3250 errantem‚trydrumquelarvelem
1614 3186 1741 3246 sequen·

28 3279 96 3322 esse
109 3263 307 3337 perpendens,
314 3264 403 3337 coepit
412 3264 597 3323 innasenoc
610 3263 857 3324 tacitusrolveras
912 3266 984 3329 tenu
993 3268 1096 3336 pastor
1103 3263 1320 3321 honestissime.
1330 3263 1375 3321 Ob
1383 3263 1413 3321 id
1420 3278 1524 3337 nempe
1534 3268 1561 3321 te
1568 3266 1740 3319 cunctorum

28 3371 43 3400 v
60 3352 112 3408 Ver
119 3349 365 3428 mibiinieliciffqui
373 3352 667 3411 excessienormiterl
675 3353 744 3428 quid
752 3350 858 3424 agam?
913 3351 1006 3419 salus,
1021 3353 1111 3410 decos
1122 3356 1153 3410 et
1167 3351 1263 3425 gloria
1277 3352 1357 3411 celsa
1367 3350 1540 3411 mortalibus
1558 3352 1741 3409 archiatrum

28 3438 148 3511 quodve
162 3441 321 3500 consilium
331 3443 467 3501 sumam?
480 3442 593 3517 deliqui
605 3441 795 3517 graviterqui
806 3441 859 3498 de
912 3441 1002 3509 dedit,
1014 3447 1048 3499 ut
1060 3441 1226 3516 petulantes
1237 3446 1266 3500 et
1276 3442 1406 3500 lascivos
1425 3442 1466 3500 ed
1480 3442 1560 3499 viam
1576 3440 1680 3498 salutis
1694 3455 1740 3497 re·

30 3528 148 3586 minum
163 3543 265 3588 meum
279 3532 339 3589 vite
353 3531 479 3605 privavi.
493 3532 643 3601 scaelera,
653 3532 859 3602 testina,curre
913 3529 1039 3587 duceres
1053 3547 1061 3588 z
1074 3530 1169 3589 libera
1176 3530 1338 3606 perditum;
1348 3547 1398 3605 per
1404 3534 1582 3589 cunctorum
1588 3530 1701 3602 ltegem
1712 3533 1741 3587 te

31 3631 86 3689 pro
104 3621 141 3689 te,
170 3620 270 3688 miser,
294 3619 348 3678 dat
371 3620 423 3677 tibi
438 3620 512 3678 dum
525 3620 573 3678 Sol
585 3620 705 3694 justitie
719 3619 828 3678 lucem.
843 3639 858 3670 u
913 3619 1048 3678 obtestor
1055 3619 1250 3678 immensum.
1262 3642 1274 3670 s
1284 3620 1477 3679 Tantiautem
1487 3619 1740 3677 virihumilitatem

31 3708 99 3764 Herc
114 3712 142 3765 et
155 3709 243 3783 plura
258 3709 331 3767 dnm
344 3709 422 3768 intra
442 3726 473 3767 se
488 3708 596 3767 tacitus
619 3709 760 3777 volveret,
777 3714 808 3765 ut
820 3707 860 3766 ad
914 3707 1094 3782 Apollinaris
1108 3709 1260 3781 aspiciens
1272 3709 1368 3781 Pater,
1384 3726 1450 3767 cum
1479 3711 1572 3766 ileum
1590 3707 1742 3765 laudasset

29 3794 236 3868 Apollinarem
246 3798 363 3856 Patrem
376 3798 536 3856 visendum
550 3798 588 3855 ad
595 3799 756 3856 casinense
765 3796 861 3856 arohi-
915 3797 1069 3870 multaque
1082 3803 1260 3871 perorasset,
1277 3798 1472 3873 professionis
1486 3801 1597 3854 sancto
1607 3795 1743 3870 proposi·

31 3885 154 3942 sterium
168 3889 312 3959 pergeret,
326 3886 581 3945 animodeiiberat
591 3902 666 3958 suo;
682 3902 812 3961 cumque
820 3885 861 3943 ad
915 3890 980 3944 tum
989 3885 1088 3943 eidem
1099 3885 1200 3944 comiti
1217 3886 1348 3945 tradidit.
1358 3886 1458 3954 Qualis
1468 3901 1538 3944 vero
1550 3891 1744 3959 quantusque

32 3974 175 4032 eumdem
185 3974 281 4033 locum
296 3976 420 4034 festinus
432 3976 571 4043 venisset,
583 3976 764 4034 sanctissimi
774 3973 861 4048 Apol-
916 3974 1072 4033 Rachetdis
1093 3974 1174 4033 idem
1196 3979 1302 4049 postea
1321 3975 1419 4043 tuerit,
1439 3975 1483 4033 vet
1511 3990 1606 4050 quam
1624 3978 1744 4032 smeuue

32 4057 136 4121 lineris
147 4063 314 4132 obtutibus,
327 4068 584 4139 proutoptaverat,
595 4070 793 4139 presentatus
801 4069 859 4123 est:
917 4062 1019 4138 opifici
1028 4080 1146 4122 summo
1156 4064 1303 4139 placuerit
1317 4081 1354 4123 ex
1369 4064 1477 4123 diaboli
1490 4063 1590 4122 verbis
1604 4062 1747 4122 daturin·

32 4165 125 4223 quem
139 4168 209 4210 cum
224 4154 355 4221 vidisset,
367 4155 432 4227 ejus
450 4154 584 4227 vestigiis
614 4154 783 4213 obvolvitur
799 4171 806 4224 ;
822 4154 862 4212 ad
917 4152 1007 4225 telligi
1020 4169 1027 4210 :
1040 4168 1110 4211 nam
1122 4169 1175 4227 per
1189 4153 1318 4212 multum
1326 4154 1469 4228 temporis
1485 4153 1617 4228 epatium
1628 4150 1745 4211 cunctis

33 4254 123 4311 quem
143 4242 190 4300 vir
212 4243 263 4300 Dei
286 4248 318 4301 ut
342 4248 476 4316 surgeret
500 4260 569 4302 cum
595 4244 794 4318 praecepisset,
810 4260 863 4302 eur
917 4243 1109 4302 audientibus
1118 4241 1194 4301 tlens
1206 4243 1359 4316 atejulans
1367 4243 1446 4301 idem
1458 4241 1664 4316 nequissimus
1677 4241 1746 4299 dra·

35 4331 861 4405 venireadCasinensegymnasiumtantusvirroluisset,
917 4347 953 4390 eo
967 4329 1746 4406 percasinenstsconobtictaustrumutebuseenoc-

34 4417 167 4493 inquirit.
184 4423 290 4479 Comes
308 4427 411 4479 eutem
435 4427 577 4479 secretum
597 4427 739 4497 expetens
749 4423 861 4490 locum,
916 4421 996 4480 tibus
1011 4421 1136 4480 clamare
1151 4437 1212 4479 non
1223 4421 1394 4489 desistebat,
1409 4420 1535 4480 dicens:

35 4522 94 4564 rem
110 4514 334 4585 propterquam
361 4515 483 4569 venerat
507 4513 611 4584 pandit
626 4527 737 4586 :quem
753 4512 798 4570 vir
812 4512 863 4570 Dei
880 4500 903 4560 D
954 4510 1015 4579 Hei,
1030 4510 1193 4577 benedicte,
1208 4510 1281 4567 mihi
1293 4526 1347 4568 cnr
1357 4509 1491 4584 undique
1502 4505 1585 4566 rodis
1600 4505 1727 4582 inique?

36 4595 134 4655 taliter
156 4598 342 4673 alloquitur:
358 4600 458 4667 «Non,
474 4599 525 4667 flii,
554 4602 718 4659 enormitas
742 4606 862 4660 tuorum
1006 4599 1050 4656 tta
1065 4598 1225 4673 priushino
1237 4599 1337 4674 pulso,
1347 4615 1426 4657 nunc
1439 4614 1509 4658 mea
1519 4596 1744 4669 membrarapis.

36 4688 537 4764 peccatorumteindesperationem
550 4689 696 4760 adducat;
709 4706 778 4749 nem
787 4689 861 4749 idem
918 4686 1153 4746 Sanetusautem
1164 4688 1486 4764 Dominirtpoltinaris,
1493 4689 1611 4763 expleto
1617 4689 1744 4744 saitem·

38 4775 185 4834 mediator
197 4778 247 4834 Dei
259 4782 287 4835 et
299 4778 458 4835 hominum
474 4777 566 4836 homo
580 4778 712 4837 Christus
724 4781 811 4837 lesus
822 4779 862 4838 ad
918 4778 1001 4850 poris
1011 4792 1100 4834 cursu
1113 4776 1268 4845 laudabili,
1284 4779 1385 4836 accitis
1399 4777 1550 4846 imbibas,
1565 4776 1673 4836 horam
1682 4790 1745 4851 qua

37 4879 109 4922 suos
122 4865 339 4940 discipulosait
353 4868 438 4925 :Non
448 4868 514 4927 emt
524 4869 789 4940 uocarejtsstos,sed
800 4885 863 4942 pee-
920 4866 1059 4939 supernis
1071 4866 1259 4925 inveheretur
1269 4867 1403 4935 coetibus,
1433 4866 1490 4924 sibi
1505 4866 1661 4924 imminere
1671 4880 1745 4938 prm·

39 4959 150 5012 catores
164 4955 271 5014 ttlsttlr.
287 4972 325 5022 rx,
344 4956 397 5030 ta).
416 4958 449 5013 nt
463 4956 565 5013 iterum
579 4974 588 5012 :
600 4957 674 5014 Dico
694 4958 779 5021 uobis,
800 4972 863 5016 ma·
919 4954 1003 5012 dixit.
1018 4976 1033 5007 e
1045 4957 1097 5023 tto,
1114 4959 1146 5013 ut
1160 4955 1290 5022 cernitis,
1309 4956 1489 5022 charissimi,
1498 4959 1613 5030 patrum
1626 4952 1747 5028 gradior

38 5053 132 5109 gnum
143 5045 334 5115 qaudiumest
351 5044 465 5116 angelis
486 5045 535 5103 [lei
553 5060 699 5119 superesse
712 5050 864 5116 precatore
919 5043 1253 5118 viam,utpollinarisait,
1263 5060 1407 5118 spemque
1415 5060 1508 5118 quam
1517 5044 1605 5100 lesus
1612 5042 1746 5101 Christus

35 5131 361 5205 poenitmtiomeoeate,
375 5150 556 5206 qssmsupro
577 5135 742 5207 nonopinto
767 5150 864 5193 seven
920 5135 984 5190 suis
998 5133 1168 5208 promittere
1180 5133 1319 5205 dignatus
1332 5138 1378 5191 est
1394 5133 1546 5200 fidelibus,
1567 5148 1685 5190 sumere
1700 5147 1747 5188 cu·

35 5216 131 5288 justos
149 5222 202 5295 qui
216 5222 410 5296 oosindipent
421 5223 597 5295 penitentia
623 5223 736 5297 (llattli.
758 5241 805 5293 xv,
826 5226 862 5296 8).
920 5222 999 5296 pio.»
1016 5222 1147 5296 Cumque
1161 5221 1306 5297 loquendi
1316 5223 1407 5281 finem
1422 5222 1551 5288 lecisset,
1563 5220 1671 5279 vivifici
1681 5236 1747 5279 cor·

38 5308 105 5366 liae
116 5314 146 5368 et
157 5310 503 5383 plurimaconsolationis
518 5317 546 5370 et
558 5313 626 5370 viter
640 5313 865 5373 sterneremus
920 5310 1003 5385 poris
1017 5310 1226 5384 sanguinisque
1244 5311 1435 5385 perceptione
1462 5327 1494 5369 se
1510 5310 1658 5377 muniens,
1679 5311 1749 5383 post

39 5410 108 5455 cum
123 5398 280 5458 Radelchis
292 5401 482 5473 percepisset,
495 5401 650 5475 respondit
665 5419 672 5459 ι
689 5406 712 5459 Δ
727 5401 864 5473 te,Peter,
920 5399 1058 5457 undecim
1072 5414 1222 5459 annorum
1237 5399 1393 5471 curricula,
1406 5400 1513 5474 quibus
1527 5398 1746 5458 sanctamCasi·

39 5485 274 5557 prolatatamina
285 5488 377 5546 nostri
386 5488 575 5563 perforarunt
584 5490 751 5564 precordia
767 5496 865 5563 pecto·
920 5493 1021 5546 uatem
1034 5491 1109 5546 rexit
1120 5489 1398 5564 ecclesiam,quinto
1414 5489 1615 5549 Kalendarum
1624 5488 1746 5546 Decem·

39 5574 149 5636 risims
161 5594 168 5636 :
180 5576 261 5636 unde
272 5578 507 5652 omnipotentem
521 5578 746 5653 enixiustlagito
759 5582 864 5652 ileum,
920 5577 1017 5636 brium
1027 5576 1076 5636 die
1089 5577 1211 5637 teliciter
1224 5577 1365 5652 migravit
1375 5578 1414 5637 ed
1425 5578 1583 5637 Christum.
1604 5575 1745 5649 sepultus
