3884 6050
9 176 59 246 tat
371 174 483 243 caera
503 176 583 244 aas.
604 160 760 245 rennuit.
779 216 814 229 -
834 166 1076 246 ecunacum
1095 182 1143 248 al.
1163 222 1198 235 -
1217 181 1307 249 alas
1327 186 1363 250 ιι.
1668 181 1722 260 ira

8 314 177 380 losouem
187 309 284 369 incole
301 309 372 380 iuge
387 308 578 367 consulentes
591 324 643 383 pre
656 309 840 382 limorepost
855 307 877 364 ri
895 308 986 366 rebus
999 317 1028 367 et
1041 309 1130 369 bonis
1144 313 1233 372 salsa
1247 314 1401 374 Leodload
1416 317 1721 397 cpidumlewispre·

5 401 168 476 paululum
181 405 358 474 receperunt
371 404 400 456 et
410 398 584 457 fidelitatem
600 399 627 457 ei
646 398 841 466 lecerunt,die
895 398 990 455 tatum
1004 399 1150 471 deductis,
1174 400 1255 461 venit
1280 409 1348 463 ante
1364 421 1471 464 cenam
1490 409 1649 467 eduorum
1671 428 1720 470 cu-

7 506 82 550 rero
97 491 237 567 sequenti
253 494 322 564 post
334 506 490 548 recessum
514 489 659 548 exercitus
686 488 784 547 incole
800 489 841 546 illi
894 487 981 545 riam.
997 490 1052 556 Qui
1067 488 1115 547 die
1126 491 1261 565 sequenti
1276 509 1334 568 que
1350 493 1404 552 luit
1417 494 1569 555 dominica
1585 515 1602 557 a
1624 515 1719 558 secre-

8 583 115 640 iteraio
132 596 201 638 sese
214 578 430 637 leodiensibus
444 578 626 637 obtuleruut.
652 577 685 661 ln
713 578 842 636 crastina
896 577 979 634 teriia
995 577 1096 636 amicis
1110 588 1233 654 accepta
1249 583 1467 656 premonitione
1479 591 1513 644 nt
1534 595 1719 662 precaveret,

8 687 79 729 rero
92 670 155 739 die,
167 686 226 747 que
239 668 295 727 luit
318 668 420 741 vigilia
434 669 644 742 penthecostes
674 667 758 740 (Mei.
784 666 841 739 ll),
896 680 961 723 nea
982 667 1144 740 capitaneis
1167 673 1388 730 communitatis
1409 674 1548 734 violentia
1570 679 1722 752 opprime-

8 762 91 819 lama
103 759 150 818 rel
161 758 344 836 pervolante,
359 756 537 815 leodienses
550 763 577 815 et
604 756 746 815 tielenses
771 773 841 814 cum
895 757 1228 823 retur,eonlinuelewis
1238 777 1269 817 se
1281 762 1579 824 transtulitetibidem
1592 774 1721 828 moratus

9 851 182 925 totapatria
195 846 650 922 indignationepermoti,usquc
662 849 840 921 superleco-
895 850 949 900 est.
963 845 1031 903 Post
1046 846 1103 904 hoc
1116 849 1316 907 mensistnnll
1330 852 1377 909 die
1399 859 1426 912 9.
1440 853 1565 928 quidam
1580 856 1718 928 garrulus

7 956 73 1001 rem
89 940 221 998 fluuium
237 945 354 997 armata
370 953 464 995 manu
488 938 693 1012 procedentes,
721 943 842 1012 propter
894 940 921 991 et
935 935 1096 1010 precipuus
1109 938 1295 1005 adversarias
1307 945 1476 1001 monasterii
1498 944 1535 1002 de
1554 947 1718 1005 ministerio

10 1025 840 1108 lugbelbertiepiscopiabsentiamiobaunemdomnum
894 1025 1056 1083 serdonum
1073 1026 1149 1101 (ate)
1163 1030 1322 1089 concitavit
1342 1048 1412 1089 earm
1438 1034 1637 1113 complicibus
1657 1037 1719 1095 suis

9 1120 43 1177 de
56 1118 214 1193 liupelortl
228 1116 258 1174 ln
272 1117 488 1174 mamburnum
503 1114 559 1172 sibi
575 1113 774 1191 elegeramus
792 1114 841 1171 die
893 1115 975 1188 apud
988 1121 1168 1183 conventum
1181 1118 1305 1177 fratrum
1319 1121 1464 1180 tlinorum
1479 1125 1718 1184 communitatem

8 1203 840 1283 penthecostes,qneluitmensisllajidlel2,l'rudonen·
892 1205 1166 1263 coutrescultetum
1180 1213 1368 1267 nostramet
1392 1227 1486 1269 unum
1511 1229 1547 1271 ex
1573 1215 1716 1284 scabinis,

10 1316 54 1356 ses
66 1297 265 1359 circaboram
277 1312 473 1370 vesperarum
488 1300 705 1359 armatumanu
717 1293 839 1354 ebriam
892 1290 1064 1367 impingens
1078 1294 1135 1353 illis
1150 1298 1231 1371 quod
1245 1297 1380 1372 ipsorum
1404 1299 1547 1360 instinctu
1566 1299 1630 1379 lpse
1657 1307 1716 1362 lto·

8 1388 103 1464 patrie
119 1386 277 1446 leodiensi
303 1390 455 1457 exeuntes,
482 1385 665 1441 intraverunt
683 1384 840 1457 grangiam
892 1380 996 1439 bertus
1010 1382 1107 1442 abbas
1122 1386 1317 1446 eeurianom
1328 1387 1523 1451 discessisset.
1548 1391 1717 1471 iterumque

10 1476 266 1536 lbeutonicorum
280 1475 474 1533 dominorum
490 1475 573 1550 apud
583 1473 707 1533 obhere.
723 1474 764 1530 lbi
775 1489 840 1549 per·
858 1443 972 1529 Blacto
984 1473 1123 1551 prandio,
1136 1490 1247 1548 procax
1262 1476 1311 1534 ille
1322 1494 1391 1537 cnm
1407 1482 1469 1537 suls
1480 1486 1509 1540 et
1521 1496 1615 1565 parra
1637 1501 1718 1545 eoin·

9 1562 839 1638 nectentes,eilregeruntviolenlerclausurasdiversas,
893 1561 1038 1620 munitate
1063 1565 1232 1636 procuravit
1259 1566 1357 1625 inritis
1381 1569 1530 1642 magistris
1555 1572 1717 1641 scultetum

7 1657 90 1720 bona
100 1672 210 1715 eorum
220 1652 398 1730 dissipando
411 1657 532 1729 etrapta
543 1651 582 1709 ad
592 1650 718 1726 opidum
742 1656 840 1710 trans·
894 1649 1046 1724 ipsumad
1071 1652 1250 1713 decennium
1283 1655 1439 1717 debanniri
1448 1677 1456 1731 ;
1475 1658 1527 1734 qul
1556 1660 1605 1718 diu
1633 1668 1717 1727 extra

8 1746 160 1804 mittendo
175 1750 203 1803 et
224 1751 338 1816 segetes
363 1757 505 1814 agrorum
519 1742 699 1799 immaturas
735 1748 840 1816 sponte
892 1738 1019 1812 opidum
1029 1740 1165 1799 delemus
1173 1743 1309 1801 estitem.
1327 1751 1411 1803 anno
1423 1747 1530 1807 eodem
1541 1749 1572 1805 iu
1582 1753 1714 1809 crastino

9 1833 231 1894 conculcando.
244 1834 382 1907 Sequenti
394 1835 491 1890 autem
507 1829 680 1904 diequarte
700 1831 782 1902 (ilai.
798 1829 840 1902 td)
893 1829 989 1887 sancti
1000 1830 1102 1888 iacobi
1113 1831 1231 1890 llinoris
1243 1833 1323 1908 (lua.
1339 1835 1399 1909 22.)
1412 1836 1563 1894 lohannes
1575 1837 1611 1895 de
1629 1839 1714 1903 Erkle

9 1918 839 1999 totirrspatrieequestresaccedentesadcastrumltum·
892 1916 1713 1999 prelatusprldemepiscopusTraiecteusis,auctorltute

10 2017 120 2081 miens,
137 2012 240 2070 villam
261 2026 330 2069 eum
346 2009 533 2095 appendiciis
555 2006 796 2073 combusserunt,
811 2012 841 2066 et
892 2004 1717 2093 apostolicaleodiensisepiscopusconstitutusreceptis,

10 2104 149 2183 sequenti
159 2102 208 2160 dle
221 2102 306 2173 (liat.
324 2103 367 2174 lt)
383 2099 423 2157 ad
430 2098 531 2158 sillam
548 2099 671 2157 liamale
683 2097 839 2156 deelinan·
892 2095 929 2155 ab
938 2095 1118 2173 imperatore
1132 2097 1240 2157 Rauola
1258 2100 1409 2172 regalibus
1438 2118 1507 2158 cum
1527 2104 1718 2177 expressione

9 2200 64 2261 tes,
81 2192 326 2265 castrumipsum
348 2188 589 2247 combusserant.
746 2221 754 2233 ·
891 2186 1050 2245 comitatus
1061 2186 1099 2245 de
1112 2187 1176 2256 los,
1197 2192 1277 2247 renit
1292 2189 1331 2248 ad
1345 2190 1514 2267 episcopale
1539 2190 1719 2251 fortalicium

47 2284 90 2343 13.
111 2281 226 2347 wem
239 2295 320 2339 enno
330 2280 359 2336 in
375 2283 480 2337 octava
496 2278 773 2357 penthecostes,que
783 2272 840 2336 luit
894 2275 1091 2334 francemont
1104 2278 1189 2347 tata),
1203 2282 1313 2353 etpost
1332 2279 1446 2359 aliquot
1460 2279 1524 2338 dies
1536 2281 1658 2357 intrarit
1676 2282 1715 2340 ei·

9 2372 124 2430 mensis
139 2370 206 2430 atati
224 2370 273 2427 die
295 2373 337 2435 ro,
358 2366 482 2442 opidani
504 2366 598 2425 nostrl
619 2366 837 2439 l'rudonenses,
892 2365 1014 2424 ritatem
1026 2366 1233 2439 Leodiensem,
1247 2369 1299 2426 arbi
1319 2368 1442 2444 pacitlce
1456 2377 1501 2435 est
1523 2376 1670 2449 receptus,
1688 2377 1717 2430 et

8 2462 147 2520 ridentes
157 2459 242 2543 quod
256 2457 402 2523 liebertus
417 2456 512 2515 abbas
521 2456 561 2515 ab
572 2472 653 2525 anno
668 2458 839 2532 precedenti
892 2454 990 2512 dictus
1004 2461 1049 2513 est
1063 2456 1154 2529 hujus
1168 2456 1301 2514 nominis
1316 2460 1469 2518 lohannes
1481 2461 1604 2535 quintus
1630 2462 1716 2520 item.

10 2551 153 2611 traxisset
166 2565 218 2607 eos
230 2563 332 2606 curaer
344 2542 464 2604 eiflciali
477 2544 642 2612 leodiensi,
659 2546 688 2603 in
715 2560 838 2603 causam
893 2544 976 2603 Circa
989 2543 1070 2602 idem
1081 2550 1199 2619 tempus
1212 2547 1336 2621 opidani
1352 2551 1450 2609 Sancti
1467 2550 1614 2611 Trudouis
1643 2550 1719 2608 mul·

11 2638 71 2699 litis
95 2638 259 2699 occasione
284 2634 505 2695 communitatis
523 2640 629 2693 contra
656 2634 839 2693 voluntatem
892 2634 1006 2691 tociens
1018 2651 1086 2693 carm
1099 2651 1286 2710 pecunarum
1299 2639 1499 2713 promissione
1523 2639 1718 2719 requirebant

11 2723 838 2813 ipsiuspereosdemelevate,superquoquamvisccram
855 2722 875 2779 C
893 2723 1276 2785 nuocdenoroiohaunem
1288 2728 1715 2807 creatumepiscopumquod,

14 2814 837 2895 totepatrianuperquerimoniamdeposuissenl,sednon
893 2814 1716 2891 proutpredecessorejnsEnghelbertus,communitatem

13 2909 210 2993 proiecissent
222 2926 229 2967 ι
241 2920 322 2964 nunc
330 2905 525 2969 adhortantes
538 2918 603 2961 sese
613 2903 749 2976 magistri
759 2919 839 2961 com·
893 2904 936 2961 eis
947 2906 1123 2963 concederet
1133 2910 1197 2963 etet
1209 2906 1419 2978 sigillaretoui
1428 2906 1636 2981 uotrriasedeis
1648 2923 1716 2980 pro·

13 2991 839 3067 munitatis,adductissecum‚exsingullsolllciisduobus
892 2995 1003 3069 posuit,
1020 2995 1160 3054 sirellent
1172 2997 1310 3078 inipsunr
1324 2998 1500 3067 consentire,
1516 2998 1585 3057 tetis
1599 2997 1715 3057 uiribus

13 3089 161 3164 opidanis,
179 3086 374 3152 acceduntad
389 3083 540 3143 civitatem
557 3083 763 3157 Leodiensem,
799 3084 839 3143 ad
890 3083 1717 3166 liboraretinlerabbatemetipsosomnimodampacem

13 3176 242 3254 provocandum
253 3177 499 3234 communitatem
507 3173 720 3234 leodinensem
735 3179 839 3234 contra
892 3191 1063 3249 procurare.
1084 3176 1301 3252 propterquod
1317 3176 1422 3254 prelati
1442 3176 1564 3252 opidani
1579 3177 1606 3240 iu
1618 3176 1717 3250 vigilia

14 3268 112 3344 ipsum
127 3266 279 3332 abbatem.
297 3264 353 3322 Ubi
371 3266 457 3322 tertia
467 3261 541 3321 leria
560 3264 837 3340 sequentefflaim
892 3264 988 3323 sancti
999 3264 1094 3337 Egidii
1104 3265 1189 3340 (Aug.
1202 3268 1247 3326 art
1262 3266 1344 3339 apud
1360 3265 1503 3328 necatum
1519 3267 1550 3324 in
1565 3266 1717 3342 presentie

14 3347 42 3415 in
53 3356 187 3432 capitulo
213 3352 368 3413 Leodiensi
383 3352 618 3430 prelatoabbale
634 3369 705 3412 cum
734 3354 838 3412 amicis
892 3354 1204 3426 magistrorumtoiius
1226 3355 1319 3430 patrie
1342 3370 1463 3428 gravem
1492 3356 1714 3430 querimoniam

15 3448 73 3504 suis
104 3447 309 3521 comparente,
335 3442 532 3503 Trudolenses
558 3442 634 3500 datis
661 3442 838 3502 muneribus
892 3442 1717 3526 contraipsuurepiscopumdeposuerunt‚quibnsomnes

13 3540 160 3609 majorem
174 3539 290 3610 partem
311 3548 346 3591 ex
373 3531 616 3590 ministerialibus
640 3531 837 3593 officiatorum
891 3530 1711 3610 illimagistrlprosigillandacommunitateadbeserunt.

12 3625 221 3684 leodiensium
233 3624 506 3684 sibladherentium
521 3620 839 3698 obtinuerunlpropo·
891 3621 948 3680 Sed
961 3621 1116 3770 asellpnaia
1130 3622 1235 3682 iterato
1250 3623 1297 3682 die
1312 3623 1381 3692 alia,
1396 3638 1455 3700 que
1465 3625 1528 3686 erat
1539 3623 1570 3682 in
1584 3624 1715 3686 crastino

11 3721 116 3773 nentes
128 3714 237 3772 domno
248 3713 349 3772 abbati
363 3714 527 3792 optionem,
542 3712 624 3786 quod
637 3711 683 3769 rel
696 3712 839 3785 sigillaret
891 3711 1015 3772 nativita
1039 3729 1052 3768 s
1066 3712 1152 3771 beate
1166 3713 1253 3772 llarie
1263 3713 1529 3789 (Sept.8t,prelalus
1543 3713 1715 3778 leodiensis

11 3803 344 3873 communitatem,rela
355 3803 472 3860 civitate
481 3806 533 3860 aut
543 3800 640 3876 patria
647 3802 839 3875 expelleretur
892 3803 1052 3884 episcopus
1065 3802 1232 3861 consentire
1246 3801 1350 3861 noluit.
1366 3803 1511 3876 Quocirca
1521 3821 1591 3861 cum
1604 3804 1634 3866 iu
1649 3819 1716 3882 pro·

9 3895 106 3954 tribus
120 3894 228 3952 diebus
245 3892 285 3953 ad
299 3891 527 3952 deliberandum
542 3892 640 3949 eidem
651 3891 770 3952 oblatis.
788 3892 839 3951 Die
892 3903 978 3952 cesso
988 3892 1046 3950 litis
1061 3891 1325 3968 procuratoropidi
1340 3892 1376 3950 ab
1390 3891 1608 3951 interlocutorio
1619 3892 1657 3951 ad
1668 3891 1718 3954 de*

8 4000 84 4043 vero
97 3982 233 4058 sequenti
242 3982 319 4044 (Mai
330 3983 447 4058 itique
461 3982 516 4039 luit
535 3980 635 4054 vig'lia
646 3983 836 4052 sacramenti,
891 3981 1025 4055 legatum
1039 3980 1149 4038 scillcet
1161 3980 1302 4037 abbatem
1314 3981 1522 4040 Sanctllacobi
1531 3980 1713 4060 appellasset

8 4089 82 4132 cum
107 4073 242 4147 magistri
254 4071 432 4130 leodienses
454 4069 510 4128 sibl
536 4068 726 4129 intimassent
755 4071 837 4146 qaod
853 4079 876 4135 Ι)
893 4067 1496 4150 etipslopidaniSanetll’rudonispudente
1513 4070 1714 4148 appellatione

9 4164 154 4238 sigillaret
169 4161 415 4221 communitatem
425 4159 473 4219 vel
484 4159 643 4228 recederet,
660 4176 749 4218 mane
759 4162 837 4220 lacto
892 4158 1187 4220 domnumabbatem
1199 4159 1236 4217 ad
1244 4160 1468 4235 procedendum
1479 4160 1717 4224 incausacoram

11 4253 42 4311 in
54 4254 104 4313 die
118 4252 302 4312 sacramenti
313 4249 389 4316 illari
403 4249 450 4326 tl)
463 4265 481 4308 a
495 4249 614 4309 civitate
627 4250 748 4309 recessit
767 4267 836 4308 cum
892 4246 1559 4326 eoaemdelegatoeaertfecissent:lpseabbas
1568 4248 1714 4306 liebertus

9 4343 101 4402 rebus
112 4349 142 4400 et
156 4343 279 4401 lamrlia.
294 4342 380 4409 Quod
395 4342 469 4400 dum
482 4345 587 4398 nostro
599 4341 757 4398 conventui
769 4345 837 4400 ante
893 4356 1015 4402 causam
1030 4337 1185 4397 adsedem
1201 4339 1397 4414 apostolicam
1407 4338 1516 4396 remitti
1537 4336 1713 4418 postularit,

10 4432 234 4507 processionem
247 4428 558 4499 denunciatumest,ln
571 4426 719 4487 anxietate
737 4430 835 4506 positi,
893 4429 1071 4508 pretendens
1083 4428 1166 4504 quod
1185 4427 1269 4505 apud
1291 4427 1434 4486 leodium
1448 4441 1551 4485 secure
1576 4426 1715 4504 nequiret

12 4522 140 4586 lecimus
151 4521 289 4582 clenodia
303 4517 476 4579 monasterii
490 4522 519 4576 et
531 4518 653 4580 abbatie
669 4519 746 4588 intra
771 4536 837 4604 pro·
892 4517 1016 4600 litigare.
1034 4521 1130 4587 Quare
1145 4518 1210 4593 ipse
1224 4516 1377 4589 delegatus
1397 4514 1531 4593 partibus
1556 4533 1660 4576 eoram
1678 4533 1714 4578 eo

12 4609 159 4670 cessionis
173 4610 252 4667 illius
263 4608 460 4672 solemnitatis
472 4612 837 4684 egressumetregressnm
893 4610 1145 4688 comparentibus,
1157 4625 1281 4668 causam
1292 4608 1331 4665 ad
1345 4606 1448 4664 sedem
1461 4606 1659 4684 apostolicam
1672 4624 1716 4670 re·

12 4700 367 4764 lestineadmansiouem
393 4709 527 4758 nostram
545 4698 628 4782 apud
646 4697 741 4758 lenis
764 4717 838 4778 qua·
891 4696 1522 4777 misit,essignanapostterminumduorum
1531 4697 1716 4758 mensiumse

12 4791 319 4865 drigariltecessaria
343 4788 439 4848 eciam
465 4804 629 4866 corporum
658 4788 836 4849 indumenta
890 4787 1538 4866 presentandossediapostolicelnlraquod
1553 4789 1717 4874 terripusde

12 4878 353 4947 reservantes‚misimus
367 4895 421 4964 per
435 4878 570 4958 singulos
581 4879 837 4952 nostraJ'ocaliaet
891 4878 1718 4958 consensuambarumpartiumprorogatumesttempus

13 4969 151 5029 utenulia
164 4973 244 5028 extra
259 4975 441 5032 conventum
460 4974 572 5032 secrete
600 4968 678 5030 intra
701 4974 731 5028 et
753 4975 836 5040 extra
891 4965 1718 5052 adoomparendumincurialtomanausqueadprimam

12 5057 837 5140 opidumapudamicossecretostutanda.llapsisigitur
890 5053 1718 5144 diflmmepsis‚lierciisubgsperacislnnosequentilttdli)

15 5147 120 5208 alenus
133 5147 252 5222 paucis,
268 5147 316 5208 ille
330 5146 401 5208 exul
418 5148 542 5210 devotus
556 5146 701 5218 liebertus
729 5148 835 5222 abbas,
891 5141 1717 5222 adinstanciamlrudonensiumcommunitascapitulum

804 5353 919 5417 limi.

49 5533 312 5609 itltltlerdonuna
328 5533 548 5598 basclorum·
925 5534 1232 5615 (sluttraocbimonl
