3884 6050
162 240 216 305 oss
726 241 882 301 nonum
900 243 1048 300 nastris
1067 245 1097 303 s.
1117 245 1294 305 sunnonis
1819 235 1875 294 331

163 365 988 440 afferremanipulum,prodestilli,oavacuassenial‚qnod
1004 368 1027 423 A
1043 375 1164 438 uantur,
1178 386 1308 444 quorum
1318 367 1444 426 uomina
1455 365 1588 423 heasunl
1600 382 1608 422 t
1620 360 1802 435 nycholaus,
1815 363 1875 418 cri·

164 455 987 531 spinasportot:idoiroo‚liaetmnllitudoscribendarum,
1043 458 1169 528 silanus,
1190 460 1354 528 lohannes,
1381 457 1524 521 libertus,
1551 454 1712 519 lohannes,
1732 451 1873 519 Thomas,

162 545 992 618 sdutaremgrandlcaquisobllvioniscleobrotum,ut
1045 547 1224 616 willelmus,
1251 549 1404 614 Esuriens,
1427 543 1607 602 willelmos.
1635 540 1815 598 insecundo
1840 539 1875 596 li·

162 640 264 695 tamen
277 633 401 706 reliquie
415 635 524 692 horum
535 635 691 692 annalium
703 636 787 694 salve
801 636 885 702 liant,
899 641 938 704 et,
955 638 991 696 uc
1043 635 1099 694 bro
1111 641 1264 710 ponuntur
1282 641 1367 710 gesta
1382 635 1475 693 trium
1501 632 1659 697 ahbatum,
1675 630 1785 687 scilicet
1798 628 1872 694 ilde,

163 722 670 797 pauculaicagsuculuuepereant,
683 723 991 798 colligantur-,placuit
1044 727 1150 784 Amelii
1172 732 1201 785 el
1223 727 1362 795 liobecti3
1389 726 1465 782 inter
1492 737 1552 797 que
1577 725 1661 793 gesta
1682 719 1810 794 plurima
1828 719 1876 775 tn-

163 811 242 877 hauc
258 810 394 871 ultimam
408 816 524 885 partem
540 812 571 871 in
586 812 674 870 binos
686 813 780 871 libros
792 813 933 886 partiales
947 813 992 870 dl·
1045 819 1229 874 terseruntm
1240 814 1402 874 incidentia
1412 811 1573 871 annalibus
1585 824 1730 881 magron.
1875 809 1877 813 '

163 899 991 976 viosrc.1nquorumprimonoscmabbatomgesnpa

163 1017 339 1082 inaniunt
370 1023 539 1081 caelidis
569 1026 661 1082 itant
698 1028 791 1084 Pilllll
823 1028 964 1095 Quinta
1006 1030 1128 1088 PARTIS
1162 1029 1428 1089 CDNPILATIONIS
1464 1027 1500 1085 IN
1535 1026 1654 1093 uastis
1697 1023 1873 1088 natalitii,

641 1097 685 1154 ET
708 1098 815 1156 inlito
835 1101 880 1157 DE
898 1098 1016 1158 nasus
1034 1101 1210 1160 niciosus
1238 1102 1393 1159 naeniis.

201 1222 225 1276 l.
246 1219 289 1276 De
307 1219 339 1275 N
340 1218 447 1276 iciotai
461 1218 580 1276 addatis
592 1221 740 1279 electione.

197 1292 224 1346 2.
243 1289 286 1347 De
300 1291 542 1358 incorporatione
555 1292 667 1350 decime
677 1294 791 1350 ecclesie
802 1294 839 1350 de
851 1293 977 1364 Alinrp.
991 1293 1154 1351 Invidentia
1165 1293 1288 1352 diuma.

198 1364 225 1418 3.
244 1363 284 1418 ile
296 1362 391 1431 oflicii
401 1363 545 1419 scultetici
558 1378 609 1420 seu
623 1364 820 1422 villicationis
834 1372 933 1422 nostre
946 1366 1159 1423 controversia.

727 1471 773 1529 DE
793 1472 910 1530 GESTIS
936 1473 1107 1529 cursitent
1139 1470 1298 1530 suanus.

201 1571 225 1625 1.
247 1567 290 1625 De
305 1568 578 1626 Oristianioiiatis
591 1569 740 1626 electione.
1816 1633 1821 1645 ,

185 1643 225 1768 ιβ.
244 1640 287 1696 De
301 1640 397 1709 offitio
410 1639 531 1697 sculteti
542 1655 593 1697 sen
609 1640 801 1697 villicationis
819 1646 847 1697 et
859 1641 924 1710 ejus
938 1638 1145 1711 redemptione.
1161 1640 1326 1698 Incidentia
1340 1639 1377 1696 de
1392 1639 1516 1709 imperio
1529 1635 1681 1694 Frederici
1702 1634 1821 1697 secundi
1836 1639 1865 1692 et

164 1725 245 1768 ares.

200 1786 227 1838 3.
247 1782 290 1837 Da
302 1782 506 1851 superstitiosa
519 1781 725 1841 adinventione
734 1780 899 1852 inplicans·
908 1781 1053 1839 monasti

198 1853 226 1909 l.
247 1853 289 1909 lie
301 1851 588 1923 sanctaLutltparde
600 1854 748 1925 priorissa
760 1853 871 1911 Sancte
882 1852 1037 1911 Katerine.

201 1924 227 1979 3.
247 1923 291 1980 De
304 1923 434 1997 civitatis
447 1920 612 1980 Leodiensis
622 1925 858 1997 depopulatione.

198 1997 225 2050 d.
248 1994 290 2051 De
302 1992 378 2051 bello
391 1992 471 2064 apud
485 1995 580 2065 steps,
594 2000 621 2051 et
636 1995 766 2066 qualiter
780 1996 926 2064 episcopus
937 1994 1085 2051 incendiis
1096 1994 1204 2052 invasit
1216 1994 1409 2052 trabentium

198 2070 226 2192 ἓ.
245 2066 290 2199 3:
302 2064 374 2193 agita
382 2067 478 2195 ignia
489 2066 771 2193 pamerbrsbllovinum.
788 2065 840 2122 ndi
847 2067 1049 2135 conspirantes
1062 2066 1092 2121 in
1104 2066 1303 2137 episcopatum
1315 2065 1470 2136 principes
1490 2063 1709 2122 succubuerunt

220 2176 227 2195 .
302 2137 384 2194 oitu
424 2135 577 2195 ristiania
616 2137 684 2193 atis.

535 2234 581 2290 DE
600 2232 720 2291 uastis
737 2233 909 2292 tonantis
928 2233 1038 2292 natus
1058 2234 1203 2292 Nostius
1222 2234 1318 2292 Putat
1337 2233 1492 2292 naeniis.

197 2330 226 2386 1.
245 2329 290 2386 De
300 2329 492 2401 mutuatione
504 2327 650 2387 tolonnis
665 2330 698 2387 in
711 2330 847 2389 attalem
859 2337 887 2389 et
901 2332 965 2402 etus
980 2334 1139 2389 creatione.

198 2404 224 2457 3.
246 2400 394 2484 Quomodo
406 2401 530 2461 visitatio
541 2403 789 2463 monasteriorum
802 2403 988 2461 Slsiulensis
1002 2409 1029 2460 et
1041 2402 1325 2460 malmundariensis
1337 2416 1392 2473 per
1406 2401 1436 2458 C.
1461 2402 1648 2460 cardinalem
1670 2403 1799 2474 leuatum
1811 2401 1868 2458 siis

163 2475 391 2610 esgaobnurg's'slsoaw
403 2543 593 2601 remallatio
607 2544 665 2601 ista
678 2544 823 2602 alodiam
837 2547 869 2602 in
886 2546 982 2602 tuitio
992 2545 1030 2602 de
1042 2545 1184 2603 mandato
1204 2546 1238 2602 C.
1253 2545 1415 2602 cardinalis
1427 2545 1546 2616 suscepi

197 2615 225 2669 1.
246 2612 395 2681 Quomodo
411 2615 552 2673 medietas
570 2615 653 2686 opidi
666 2616 771 2674 Sancti
788 2615 937 2675 Troianis
949 2616 1099 2674 leodiensi
1110 2616 1240 2674 Ecclesie
1250 2617 1396 2690 acquuila
1410 2620 1462 2673 est.

201 2688 228 2743 t.
246 2685 291 2743 De
301 2684 405 2744 adlata
422 2686 529 2744 Sancti
539 2687 628 2744 Pauli
641 2687 843 2759 trajectensis.

752 2815 798 2875 DE
821 2811 941 2877 casus
969 2812 1102 2874 LlBEliTl
1121 2811 1283 2873 ABBATlS.

202 2931 227 2987 t.
247 2925 438 2987 Dselectione
449 2926 566 2987 Literni
580 2926 707 2987 ablatis.

200 2996 229 3055 i.
248 2997 290 3064 De
303 2996 399 3068 officia
415 2994 607 3058 villicationis
622 3003 733 3062 nostre.

200 3071 226 3127 3.
247 3068 370 3138 detesto
384 3070 482 3125 sancti
497 3068 605 3124 liter-ti
619 3069 656 3127 de
667 3085 742 3126 novo
756 3070 904 3127 instituto.

199 3140 226 3195 l.
248 3140 290 3195 De
304 3139 498 3195 translatione
511 3139 686 3196 monasterii
700 3155 833 3197 sororum
854 3144 1026 3196 nostrornm
1042 3138 1215 3195 monialium
1229 3135 1398 3194 asuburtio
1411 3137 1515 3196 Sancti
1535 3137 1691 3195 liudonis.

201 3216 227 3269 t.
246 3211 290 3268 De
303 3211 431 3268 cessione
448 3210 540 3280 nnius
552 3210 668 3267 addatis
682 3211 721 3268 at
736 3210 867 3267 allatio.

503 3316 548 3372 DE
568 3317 686 3375 GESTIS
704 3315 875 3374 intinnula
896 3316 1043 3374 SECUNDI
1064 3315 1177 3384 ‚tintus
1196 3315 1341 3374 Nautius
1361 3316 1533 3373 tastris..

200 3413 227 3469 l.
250 3413 291 3470 De
303 3413 451 3470 tolonnis
465 3412 582 3470 oblatis
595 3414 637 3471 ad
650 3414 726 3471 lianc
740 3414 893 3471 abbatiam
908 3413 1095 3470 institutione
1110 3419 1136 3468 et
1156 3413 1192 3470 de
1210 3418 1312 3469 mutuo
1327 3412 1367 3470 ad
1388 3429 1495 3471 usuras
1509 3414 1637 3485 ejusdem
1652 3421 1782 3486 tempore
1806 3431 1875 3474 con-

167 3491 273 3553 tracto,
288 3489 315 3540 ot
329 3483 367 3540 ds
380 3485 513 3553 dampnis
527 3486 680 3542 occasione
694 3484 784 3556 ledus
798 3485 897 3541 mutui
908 3483 1134 3556 emerpentibus.
1148 3483 1312 3541 lncidentia
1326 3485 1429 3554 plura.

199 3560 227 3614 i.
246 3556 289 3611 De
302 3557 428 3612 cessione
438 3556 529 3625 nujus
543 3556 659 3614 adlatis
672 3556 818 3614 iohannis
833 3556 871 3613 ai
883 3556 1009 3613 altana
1024 3557 1092 3611 ista.

200 3631 227 3686 3.
246 3626 289 3684 De
300 3631 404 3686 mutuo
422 3628 574 3686 occasione
585 3627 780 3697 dampnorum
790 3643 846 3697 per
857 3627 982 3699 priorem
995 3631 1023 3683 et
1037 3632 1214 3686 conuentum
1228 3625 1269 3683 ad
1284 3641 1394 3684 usuras
1415 3632 1575 3686 contracto.

804 3725 917 3782 oasin
934 3724 1054 3783 tuone
1079 3724 1234 3781 lavetis.

202 3827 226 3906 ¹:
247 3823 291 3880 De
312 3822 458 3880 creatione
481 3819 584 3880 stone
598 3823 630 3880 in
656 3822 798 3886 attalem,
812 3828 840 3879 et
853 3820 887 3878 de
899 3821 1065 3879 delirorum
1080 3820 1268 3892 ottipationn
1283 3836 1343 3893 qua
1355 3822 1567 3879 monasterium
1581 3821 1695 3878 invenit
1707 3821 1749 3879 ad
1761 3838 1872 3881 usuras

168 3893 398 4036 oissrptsotgtghno
413 3963 605 4022 villicationis
618 3970 723 4036 nostre,
746 3972 773 4022 et
784 3964 924 4036 quamodo
939 3970 1091 4035 mnpnates
1104 3963 1191 4034 tuias
1211 3964 1292 4033 opidi
1315 3963 1355 4022 ad
1365 3963 1542 4033 fidelitatem
1557 3978 1642 4020 suam
1657 3965 1739 4021 dones
1754 3966 1866 4022 monci-

163 4035 256 4105 pnvit.
269 4033 434 4091 lncidentia
447 4035 549 4104 plura,
562 4042 589 4091 et
605 4035 641 4093 de
654 4035 735 4092 obitu
748 4036 823 4108 repis
839 4037 1037 4093 Romanorum
1053 4035 1228 4106 lantprausi,
1242 4040 1268 4092 et
1279 4035 1422 4106 anamodo
1442 4033 1575 4092 successit
1597 4034 1763 4093 Wiltelmus
1775 4051 1869 4094 comes

165 4104 557 4244 Ηοέωῗὶὲἷοθεξὲιιέἵᾰ’1αηοιί
572 4177 729 4242 liudonis,
744 4184 772 4234 et
786 4178 823 4234 ds
836 4176 1063 4246 recuperatione
1072 4177 1287 4248 pontificalium
1303 4181 1553 4234 ornamentorum.

200 4250 228 4305 4.
248 4249 291 4305 De
303 4263 427 4305 numero
441 4249 671 4306 monialium-de
684 4249 772 4307 ltilen
784 4249 856 4306 etde
869 4248 952 4308 olitis
964 4247 1070 4306 roone
1082 4248 1210 4308 allatis

542 4348 587 4402 DE
606 4348 726 4406 vastis
744 4346 920 4403 WlLLELlll
939 4344 1033 4403 Plitlss
1053 4347 1159 4402 flutas
1177 4344 1320 4402 avitinis
1339 4342 1497 4400 cassiis.

202 4447 227 4499 1.
250 4444 288 4497 De
303 4442 445 4499 Wiltelmi
458 4442 573 4500 atriolis
623 4444 783 4504 stulatione
796 4445 828 4512 ip
838 4442 972 4506 nitatem
987 4447 1014 4498 et
1028 4441 1158 4514 ejusdem
1172 4440 1322 4502 electione.

200 4518 227 4569 1.
248 4514 291 4570 De
305 4514 365 4579 lite,
384 4523 471 4595 quarn
491 4520 577 4570 contr
611 4511 791 4572 lurnlardos
807 4514 960 4570 usurarias
975 4513 1007 4568 in
1021 4511 1106 4568 curis
1119 4513 1316 4568 Romanasea
1327 4513 1416 4567 annis
1430 4512 1551 4583 peremi,
1569 4515 1596 4569 et
1615 4514 1681 4583 ejus
1699 4514 1869 4572 concordia.

166 4585 239 4641 Item
255 4583 445 4653 depromens
459 4584 530 4639 altis
542 4586 693 4652 conpositis.

203 4658 230 4711 3.
251 4654 293 4708 De
306 4656 499 4723 acquisitione
512 4654 664 4710 advocatie
685 4655 715 4709 in
731 4653 877 4723 Aliarplr,
898 4658 927 4710 et
940 4653 1138 4723 redemptione
1159 4652 1340 4708 diversorum
1362 4652 1502 4709 donorum
1517 4655 1690 4711 manasterii
1708 4662 1736 4712 et
1760 4660 1791 4713 li
1806 4673 1872 4729 pre·

168 4723 343 4790 dandarum,
359 4738 432 4796 quas
447 4723 657 4781 ministeriales
669 4728 696 4779 et
708 4724 831 4795 officiati
843 4724 986 4779 seculares
1001 4722 1176 4780 incurrans
1186 4722 1342 4780 trabebant.

203 4798 230 4854 l.
251 4793 293 4852 De
303 4808 424 4852 numero
434 4795 648 4854 maneriorum
662 4794 752 4864 iuius
768 4795 824 4852 tasi
836 4808 928 4852 eausa
941 4796 1078 4863 ccidente
1091 4793 1227 4851 restricto
1237 4794 1275 4851 ad
1284 4801 1406 4866 tempus.

171 4865 293 4995 wiidDe
316 4866 460 4991 emssltione
478 4867 508 4921 ti
519 4864 714 4930 mansionum,
734 4870 763 4922 et
781 4865 980 4934 ampliatione
993 4870 1093 4921 nostre
1107 4865 1190 4922 curie
1210 4866 1385 4924 claustralis
1400 4879 1502 4922 versus
1514 4866 1654 4938 paludem
1668 4870 1831 4930 sardanum
1846 4873 1874 4928 st

230 4938 235 4950 '
256 4951 319 4994 earn
390 4941 477 4991 team.

201 4953 232 5063 2a).
250 5007 293 5064 De
302 4951 454 5063 dticordta
465 5007 592 5078 episcopi
605 5013 632 5063 et
647 5007 745 5076 patrie
759 5012 873 5071 mutua,
889 5011 916 5062 et
929 5005 1150 5075 proscriptione
1160 5006 1244 5076 sacta
1258 5005 1343 5076 apud
1361 5004 1502 5062 Vottllem.

204 5082 233 5133 7.
252 5077 295 5134 De
309 5076 468 5133 latrocinio
482 5078 612 5149 nospitis,
626 5084 654 5135 et
667 5077 779 5149 oripine
790 5082 855 5134 octo
867 5076 1062 5133 dominorum.

204 5152 233 5206 8.
254 5148 295 5205 De
307 5148 453 5206 violentiis
465 5155 492 5205 et
507 5149 642 5219 injuriis,
660 5163 736 5221 quas
745 5153 808 5206 uoto
822 5146 938 5205 domini
951 5152 1054 5205 nostro
1065 5148 1244 5206 monasterio
1265 5148 1409 5216 fecerunt,
1429 5151 1458 5203 et
1470 5148 1561 5205 electo
1576 5149 1730 5211 leodiensi
1744 5154 1878 5226 episcopo

169 5220 323 5280 occasione
335 5232 510 5289 percussure
521 5227 642 5285 monete,
658 5224 686 5277 et
705 5217 742 5278 de
750 5218 901 5277 pisidiam
912 5218 994 5289 opidi
999 5233 1051 5291 per
1061 5218 1224 5276 Henricum
1238 5216 1337 5276 ducem
1351 5216 1521 5276 Braiantie.

204 5295 232 5348 11.
252 5289 400 5357 Quomodo
409 5294 469 5347 octo
478 5289 591 5347 domini
600 5289 668 5348 duci
677 5290 839 5348 Bralnntie
851 5291 1015 5347 dominium
1025 5288 1110 5359 opidi
1121 5287 1310 5346 tradiderunt
1320 5294 1348 5345 et
1357 5290 1566 5348 monasterium
1577 5292 1777 5362 munerant,
1787 5295 1879 5355 alla·

171 5369 228 5421 tem
237 5362 431 5433 inponerent,
445 5362 598 5420 ecclesiam
613 5361 692 5419 teate
703 5361 801 5418 Maris
814 5360 1010 5428 nutaverunt,
1021 5359 1186 5417 sacerdotes
1199 5365 1226 5416 et
1236 5359 1371 5418 reatinos
1380 5361 1613 5431 captivaverunt.

208 5436 252 5490 iv.
272 5433 316 5488 De
327 5432 543 5502 proscriptione
552 5436 616 5490 octo
630 5433 819 5490 dominorum
831 5438 859 5488 et
873 5433 911 5489 de
921 5439 1021 5488 castra
1034 5431 1169 5500 episcopi.

209 5509 253 5562 11.
271 5503 561 5574 Deaupmentatione
568 5502 1002 5574 pretende‚denonacnotitns
1012 5502 1128 5566 inutno,
1139 5503 1171 5558 in
1182 5500 1334 5571 refectorii
1339 5503 1464 5574 terculu
1474 5506 1539 5562 etin
1548 5506 1732 5580 vestiarium
1740 5508 1878 5582 deprime
