3884 6050
195 198 252 265 crs
556 216 563 223 ··
750 189 919 270 ,nondun
934 160 1088 252 areanis
1107 193 1339 267 araunorns
1846 197 1913 258 ses

96 348 101 355 ·
165 386 167 393 ,
196 344 232 388 ex
242 320 856 398 nobilibusetiieodignisperentibusipso
863 316 1020 392 ennepius
1034 310 1061 373 Δ
1074 318 1272 393 assigndum,
1298 325 1435 385 daunais
1450 325 1543 385 incius
1555 328 1601 384 est
1616 324 1788 401 episcopus.
1802 322 1911 382 Incid-

197 416 333 475 minuere
351 414 383 472 in
401 412 595 472 iiasbauiensi
613 412 769 480 territorio,
787 410 953 471 sarcinium
968 422 1021 465 no
1074 406 1197 485 [Siara]
1216 413 1304 472 Anno
1318 415 1436 473 Domini
1451 416 1514 484 dib,
1528 414 1646 488 imperii
1663 413 1832 472 constares
1848 427 1911 469 seu

197 504 288 572 mine,
303 504 446 562 nascitur.
460 503 552 576 cujus
564 508 650 575 pater
664 501 837 561 wicboldus
851 497 973 558 nomine
984 511 1021 553 ex
1076 496 1262 558 Constantini
1277 518 1360 562 anno
1372 508 1399 572 3,
1415 505 1536 562 illustris
1562 506 1605 560 vir
1618 501 1799 568 wicboldus,
1815 506 1911 575 pater

189 594 381 673 ⁴Francorum
390 592 766 669 regumortuspropagine,
776 589 942 667 prefatique
956 584 1022 660 iiyl·
1075 585 1170 660 ipsius
1178 588 1257 646 beati
1266 591 1421 658 Trudonis,
1429 593 1458 650 in
1473 596 1624 650 senectute
1632 593 1714 649 bona
1726 591 1758 648 iu
1771 589 1911 647 Domino

199 682 287 758 periei
300 681 379 755 regis
390 685 659 754 contemporaneus
671 686 701 740 et
713 698 751 740 er
768 686 850 739 recta
860 678 941 736 linea
953 690 1024 734 con·
1077 675 1267 748 obdormivit,
1289 686 1317 738 et
1343 682 1372 739 in
1388 681 1513 741 ecclesis
1536 681 1605 739 viiie
1619 697 1672 738 sue
1689 678 1848 747 allodialis,
1865 695 1910 737 ex

199 765 1024 844 sanguineus,temporaiedominiumseuoomitatumla·
1077 767 1199 825 nomine
1213 784 1270 827 suo
1283 770 1436 829 Wibekem
1449 771 1526 845 (589)
1539 769 1743 835 denominate,
1756 767 1908 842 sepultus,

199 865 264 920 tum
273 860 357 935 quod
367 859 490 935 proprio
499 859 566 934 jure
578 860 608 917 in
621 860 757 933 partibus
770 857 929 925 iiasbanie,
937 857 1026 914 Gam-
1078 852 1186 912 elevari
1192 858 1308 915 meruit.
1316 860 1412 918 incid.
1422 860 1527 917 Eodem
1533 856 1910 918 annosanotusliemaclus

200 950 281 1025 pinis
300 951 376 1023 (888)
394 953 423 1007 et
441 948 576 1007 Fiandrie
597 949 784 1024 possederat,
802 948 891 1022 justis
909 946 1026 1018 iegibus
1078 942 1361 1019 aDagoberto(5tol
1372 951 1626 1023 regeFrancorum
1639 945 1730 1023 [ils.
1741 944 1850 1005 Tteod
1861 942 1910 1019 5].

200 1038 399 1112 gubernabat.
407 1040 497 1098 lister
509 1044 610 1097 autem
623 1037 718 1097 adde
726 1037 847 1096 nomine
859 1051 898 1094 en
908 1038 1027 1093 Austra-
1080 1032 1244 1092 asoiilaria
1269 1040 1298 1093 et
1312 1037 1479 1095 monastica
1498 1032 1558 1094 rita
1567 1041 1727 1104 extractus,
1742 1032 1856 1092 invitus
1876 1038 1912 1091 et

202 1128 314 1186 riorum
329 1127 442 1185 ducum
451 1126 593 1201 prosapia
600 1127 769 1200 progenita,
777 1124 867 1199 primi
879 1121 975 1197 Pipini
984 1122 1028 1180 du
1079 1122 1220 1193 precibus
1239 1124 1342 1193 rictus,
1358 1125 1557 1199 Traiectensis
1565 1140 1735 1200 epyscopus
1749 1120 1914 1181 ordinatur

202 1216 245 1276 ois
258 1215 408 1274 austrasie
419 1213 527 1275 dilecta
541 1216 776 1289 consanguinea,
785 1215 865 1272 lrunc
876 1212 964 1269 unice
975 1226 1028 1268 na·
1080 1209 1175 1287 [drea
1188 1226 1239 1270 uu.
1254 1214 1316 1271 650.

202 1308 268 1363 ium
287 1303 383 1362 lilium
406 1303 447 1363 ad
464 1303 627 1364 multorum
647 1304 787 1364 educavit
806 1301 933 1363 salutm
952 1298 1027 1359 iidc-
1116 1301 1143 1357 i.
1159 1300 1245 1359 Anno
1259 1301 1326 1377 ipso
1341 1302 1530 1361 beatissimus
1544 1301 1687 1361 adolcens
1700 1299 1810 1369 l’rudo,
1826 1303 1915 1357 uno·

201 1392 276 1453 lium
291 1393 379 1468 (887).
453 1414 456 1421 ·
1081 1404 1141 1463 quc
1163 1389 1288 1448 orbatus
1307 1398 1437 1467 parente,
1450 1392 1542 1450 ⁴nullo
1556 1407 1647 1464 egens
1659 1395 1766 1457 tutore,
1792 1387 1915 1464 quippe

237 1484 265 1538 8.
281 1483 387 1555 [Siara
408 1482 473 1540 Vita
483 1481 517 1540 S.
533 1482 620 1539 baed.
636 1499 663 1541 c.
677 1482 718 1558 3.]
729 1486 816 1540 Anno
831 1478 949 1539 Domini
963 1478 1026 1544 6³3,
1081 1493 1152 1536 cum
1171 1479 1234 1551 jam
1249 1481 1426 1553 complesset
1440 1483 1525 1539 etatis
1546 1497 1609 1538 sure
1630 1496 1743 1539 aunum
1766 1481 1811 1546 ll,
1827 1480 1915 1552 cepit

203 1569 323 1645 imperii
336 1569 461 1628 lieraciii
474 1570 520 1638 ii,
536 1573 566 1628 et
581 1570 741 1642 [ingoberti
761 1570 850 1643 regis,
871 1564 1028 1626 monarchi
1081 1572 1180 1625 mente
1190 1567 1339 1638 fluctuari,
1350 1570 1479 1643 qualiter
1487 1570 1657 1628 dominium
1666 1574 1826 1643 paternum
1835 1582 1913 1624 cum

203 1659 293 1719 trium
309 1673 482 1730 regnorum,
507 1659 619 1717 seilicet
632 1660 748 1719 hande
761 1664 790 1718 et
809 1657 954 1727 Neustrie,
968 1670 1028 1729 quc
1042 1626 1068 1688 Β
1081 1655 1916 1734 adberentibusbuielargissimispatrimoniispossessio·

111 1786 116 1794 ι
202 1763 285 1808 nuuc
302 1748 484 1806 llormannia
498 1752 642 1819 vocatur„
657 1763 694 1806 ao
707 1747 834 1815 Austris,
856 1761 917 1821 que
934 1743 1028 1802 modo
1081 1760 1155 1802 num
1169 1750 1229 1802 um
1246 1746 1391 1821 sagaciter
1404 1747 1564 1821 disponere
1576 1746 1738 1805 auxiliante
1751 1745 1802 1802 lici
1810 1745 1915 1818 gratia

202 1834 393 1907 muarmgia
415 1839 618 1909 nuncupatur,
633 1851 714 1894 anno
733 1836 760 1903 8,
784 1840 906 1893 sanctus
928 1832 1028 1892 drudo
1081 1833 1295 1907 prenderetur
1304 1835 1515 1909 temporalium
1523 1852 1623 1894 rerum
1633 1834 1915 1904 alluentiaingres-

200 1924 331 1983 ineuntis
343 1923 428 1981 etatis
442 1939 496 1981 sue
510 1939 592 1982 anno
604 1929 631 1997 8,
646 1925 694 1982 vei
706 1923 804 2000 qrrasi,
822 1922 925 1999 puerili
937 1936 1028 1997 opere
1082 1935 1150 1977 sum
1157 1926 1299 1994 perpetue
1308 1922 1480 1981 hereditatis
1489 1923 1544 1980 sibi
1555 1921 1911 1988 nuliatenusobstrueret,

201 2009 307 2084 inagri
318 2010 449 2087 planicie
461 2010 752 2088 collectislapidibus
763 2010 945 2070 ecclesiolam
958 2025 1029 2068 con·
1081 2008 1130 2085 [V-
1146 2009 1176 2067 S.
1193 2011 1279 2067 lrud
1297 2027 1317 2075 1,
1332 2016 1359 2078 7,
1376 2016 1401 2081 8,
1420 2011 1474 2088 i2.]
1490 2013 1549 2069 ileo
1571 2026 1674 2069 secum
1686 2010 1845 2083 diiigenter
1858 2025 1911 2066 ru·

202 2100 317 2168 suuxit,
327 2099 427 2174 inqua
435 2099 474 2158 ad
486 2100 650 2159 orationem
660 2099 843 2176 provolutus,
852 2099 890 2156 de
902 2097 1029 2156 ecclesia
1082 2097 1202 2155 minans
1210 2099 1247 2156 ad
1260 2102 1437 2158 memoriam
1451 2101 1566 2158 reducit
1579 2106 1693 2168 notum,
1701 2099 1782 2174 quod
1790 2099 1829 2156 de
1836 2115 1914 2156 con·

202 2188 948 2260 iusimallodioedilleendaserotostrinxitouam
957 2203 1027 2263 pro·
1082 2187 1358 2246 struendeecelesic
1367 2189 1397 2247 in
1408 2190 1530 2265 propria
1538 2188 1702 2247 hereditate
1712 2188 1827 2262 pridem
1835 2204 1914 2261 pue·

187 2278 399 2353 'caxquedam
408 2276 1029 2355 mulierindignanterintuens,pededissi·
1080 2275 1302 2334 ruiusvoverat.
1318 2278 1373 2345 oui
1388 2293 1457 2335 cum
1470 2279 1501 2334 in
1511 2278 1687 2350 hujusmodi
1698 2275 1806 2334 mentis
1815 2281 1914 2349 captu

201 2367 296 2444 pavit,
311 2382 371 2442 que
382 2367 526 2426 continuo
538 2362 652 2426 ulticm
663 2366 764 2426 divina
776 2371 905 2436 cecatur,
919 2364 974 2424 sed
987 2365 1028 2423 ad
1081 2364 1250 2435 fluctuaret,
1263 2381 1410 2439 sompnus
1419 2367 1444 2423 ei
1455 2366 1598 2425 continuo
1605 2364 1747 2439 obrepsit.
1758 2363 1913 2435 Angelum

202 2455 444 2516 concurrentium
459 2454 627 2515 vicinorum
644 2456 818 2515 mamutium
833 2472 908 2531 puer
921 2470 977 2528 pro
991 2470 1028 2513 ea
1080 2454 1198 2511 Domini
1211 2453 1269 2511 sibi
1283 2454 1422 2513 assistere
1435 2455 1517 2522 vidit,
1531 2455 1707 2513 suadentem
1720 2453 1786 2521 sibi,
1796 2460 1829 2510 ut
1839 2468 1912 2510 san·

201 2543 892 2614 misericordiamileiinvocans,eidemvisum
900 2543 1028 2602 restituit
1080 2545 1161 2598 ctum
1174 2542 1542 2617 liemaclumepyscopum
1552 2539 1912 2609 adiretcuiinomnibus

201 2632 370 2692 indicatio.
386 2632 506 2710 [Stena]
519 2632 604 2692 circa
615 2633 696 2692 idem
709 2638 828 2709 tempus
842 2636 963 2691 sanctus
976 2633 1027 2689 br·
1080 2646 1140 2704 qus
1149 2630 1267 2704 juberet
1273 2629 1502 2704 obtemperaret.
1515 2630 1744 2705 Expergeiactus
1754 2634 1856 2687 autem
1868 2630 1911 2686 ad

196 2720 330 2796 nuiphus
356 2721 495 2780 lieunsis
519 2723 678 2798 episcopus
708 2714 907 2781 constituitur.
932 2722 1024 2780 incid.
1081 2718 1181 2777 villam
1194 2719 1414 2793 septemburias
1426 2720 1604 2777 secumdum
1618 2716 1910 2790 angeiimandatum

187 2810 244 2888 [V.
255 2811 284 2868 8.
297 2811 473 2883 Tieodurds‘,
482 2826 509 2870 o.
521 2810 562 2887 i.]
574 2811 686 2870 liudem
699 2811 1027 2886 temporepreiatorege
1041 2854 1065 2918 c
1080 2807 1209 2879 festinat,
1218 2808 1319 2882 ibique
1329 2808 1467 2866 residenti
1477 2824 1631 2883 epyscopo
1640 2808 1798 2865 consilium
1806 2806 1910 2880 angeli

198 2898 390 2971 Dagobertbo
397 2898 477 2957 iilius
484 2900 625 2969 nascitur,
639 2900 679 2958 ad
686 2900 773 2972 cuius
781 2915 885 2973 preces
895 2899 1026 2956 humiles
1081 2896 1259 2954 maniiestut.
1279 2895 1332 2953 Cui
1346 2896 1415 2956 ilie:
1433 2899 1525 2970 Perge,
1541 2897 1594 2965 fili,
1615 2897 1651 2953 cd
1667 2897 1814 2955 liniensem
1837 2912 1909 2970 epy-

197 2986 1028 3062 sanctusAmandusiuiuntembaptinetetnonemSygi·
1078 3002 1198 3058 scopum,
1227 2991 1254 3043 et
1278 2985 1353 3044 becio
1384 2986 1520 3061 Stephano
1545 2985 1676 3060 quidqud
1707 2987 1735 3044 in
1762 2985 1910 3044 iiusbuns'c

198 3075 301 3134 bertus
315 3075 414 3133 eidem
427 3075 557 3149 imponit
571 3094 579 3146 ;
594 3074 645 3132 ubi
658 3092 729 3133 eum
740 3075 849 3149 petrini
862 3075 1027 3150 baptizanti
1079 3075 1170 3131 trude.
1185 3074 1241 3132 iles
1262 3075 1344 3142 esim,
1358 3076 1458 3148 angeio
1472 3079 1620 3142 reumate,
1643 3074 1756 3138 diruto
1768 3081 1910 3147 acceptum

101 3205 107 3212 -
197 3161 1026 3238 venerabilipresbiteroiinitisorationibuscontinuonon
1078 3164 1137 3235 [cre
1151 3163 1250 3220 ddici.

198 3251 425 3327 responderent,
440 3250 541 3309 inians
556 3255 591 3311 io
604 3252 721 3310 dierum
734 3252 823 3327 piena
837 3252 1026 3310 distinctione
1115 3256 1141 3309 8.
1151 3250 1298 3323 llieigitur
1306 3252 1453 3326 sequenti,
1469 3268 1559 3310 mane
1573 3251 1716 3319 diluculo,
1726 3251 1909 3310 vernabilis

199 3339 1026 3416 audientibuscircumstantibusrespoudit:Arnen.[c.8.]
1079 3340 1249 3398 adolescens
1262 3341 1360 3400 'trudo
1375 3341 1415 3400 ad
1426 3342 1578 3400 civitatem
1592 3344 1751 3402 lictensem
1766 3342 1820 3398 iter
1835 3340 1910 3400 arri·

199 3427 374 3487 dncaidem
383 3429 660 3504 capescendas.
669 3429 1026 3502 oltldeiuuctoiobanne
1078 3429 1131 3505 pit,
1143 3429 1246 3504 ibique
1256 3430 1511 3504 sanctiponiiiieis
1519 3431 1648 3489 Giodulii
1658 3430 1776 3490 oblatus
1786 3445 1909 3503 presen-

198 3515 279 3573 dicto
286 3517 392 3587 Agnus
400 3517 736 3593 Trajeetcnsiepiscopo,
743 3517 825 3575 idem
833 3534 886 3576 rex
893 3523 1025 3576 sanctum
1079 3520 1128 3586 tie,
1140 3520 1350 3576 monitorissui
1358 3519 1437 3577 beati
1450 3520 1581 3578 liemacli
1592 3520 1801 3594 obtemperans
1809 3517 1909 3576 consi·

186 3602 372 3662 'Amandum
386 3604 607 3680 Trajectensem
616 3605 941 3680 episcopumquamvis
951 3606 1027 3666 reni·
1079 3607 1130 3674 lio,
1141 3622 1231 3665 omns
1240 3606 1454 3680 patrimonium
1462 3608 1545 3682 qued
1556 3608 1587 3665 in
1601 3607 1752 3666 liesbenia
1760 3605 1906 3682 possidet,

198 3695 310 3752 uniam
318 3692 479 3751 constituit.
490 3693 589 3752 Issaici.
600 3693 656 3762 oui
668 3693 951 3768 postquamsannis
960 3710 1026 3769 pre-
1079 3695 1909 3768 seuctoStepbanotradit.TuncsanctusGloduliusbea·

197 3779 255 3839 iuit
265 3781 442 3855 episcopatu
451 3781 622 3855 posthabito
631 3786 738 3840 sancto
748 3781 1027 3841 Laudceldoarclri·
1078 3784 1358 3843 tumTrudcnemin
1369 3783 1466 3843 filium
1478 3801 1645 3851 assumens,
1656 3785 1812 3856 diiigenter
1820 3781 1906 3843 iilum

198 3869 363 3944 presbitero
373 3868 514 3927 cathedre
521 3870 824 3944 epyscopaliscuram
830 3871 991 3939 commisit,
997 3874 1028 3928 et
1079 3870 1119 3929 ad
1128 3871 1292 3929 litterarum
1306 3872 1472 3943 scientiam,
1482 3873 1558 3929 sicut
1570 3872 1683 3946 petivit,
1696 3872 1907 3929 insudandum

199 3956 365 4016 solitariam
387 3957 480 4016 vitam
506 3956 600 4031 petiit,
628 3957 693 4036 [V.
719 3957 749 4016 S.
765 3958 920 4035 luendi]
944 3965 975 4017 et
994 3960 1026 4016 iu
1079 3959 1161 4019 fideii
1174 3961 1235 4018 viro
1249 3959 1410 4031 commisit,
1428 3962 1480 4035 qui
1496 3966 1676 4034 cooperante
1693 3960 1789 4032 gratia
1807 3964 1907 4018 sancti

198 4044 361 4104 Eluonensi
375 4045 560 4105 monasterio
579 4062 677 4122 usque
699 4046 740 4106 ed
761 4046 854 4107 linem
876 4048 935 4106 rite
957 4064 1026 4121 per·
1081 4050 1216 4124 Spiritus,
1229 4047 1306 4107 inira
1319 4064 1433 4107 annum
1447 4054 1541 4108 totum
1556 4049 1731 4124 psalterium
1743 4050 1909 4108 decantare

196 4132 324 4194 mansit.
1081 4136 1297 4208 scirit,etultra
1306 4135 1525 4196 estimationem
1534 4137 1693 4196 bominum
1703 4138 1734 4195 in
1744 4137 1828 4195 brevi
1843 4142 1907 4195 tam

233 4227 261 4282 8.
277 4226 365 4280 Anno
377 4221 495 4282 liomini
505 4223 558 4281 oie
568 4222 618 4281 vel
630 4223 717 4298 quasi
729 4228 833 4284 sanctu
846 4225 951 4294 Adule,
963 4241 1027 4284 ma·
1039 4193 1197 4298 n'egregie
1208 4225 1240 4283 in
1254 4225 1386 4283 scientiis
1398 4227 1612 4300 scripturarum
1627 4227 1670 4284 sic
1684 4226 1861 4300 proiecerat,
1876 4233 1909 4282 ut

198 4310 331 4371 terbeati
356 4309 514 4384 trudonis,
539 4311 572 4370 in
585 4312 1026 4388 pacequierit3cnjuscorpus
1079 4329 1212 4388 coequos
1234 4331 1306 4371 suos
1321 4314 1494 4372 mirabiliter
1516 4317 1679 4387 superaret.
1704 4314 1791 4372 incid.
1809 4316 1861 4383 [V.
1877 4314 1906 4371 8.

197 4400 281 4475 apud
295 4400 409 4458 zeelem
423 4400 526 4460 villam
536 4402 623 4476 (888),
636 4416 697 4475 que
722 4401 866 4464 allodium
879 4408 923 4459 est
930 4405 1027 4462 sancti
1079 4402 1219 4471 Amcsdi;
1239 4402 1303 4461 Vita
1316 4402 1344 4460 S.
1358 4402 1447 4478 lien]
1459 4405 1545 4464 Auno
1555 4403 1662 4461 eodem
1672 4419 1741 4461 cum
1756 4402 1907 4474 Dagober·

197 4487 353 4557 Trudonis,
365 4488 397 4546 in
407 4487 698 4562 ecciesiasepultum,
708 4489 860 4548 miraculis
872 4488 988 4563 claruit,
997 4497 1026 4550 et
1079 4496 1127 4548 tus
1142 4507 1194 4549 rex
1204 4496 1309 4549 sancio
1323 4491 1462 4549 Amnudo
1474 4492 1719 4565 contemplationi
1730 4497 1759 4548 et
1771 4491 1907 4564 predica·

196 4575 230 4633 in
242 4575 359 4633 decenti
367 4574 466 4634 loculo
476 4576 685 4649 compositum,
701 4582 808 4637 eterra
817 4578 1022 4639 elevatumest.
1078 4579 1209 4639 tionibus
1229 4579 1392 4652 insudanti,
1408 4582 1520 4655 quippe
1539 4580 1591 4655 qui
1618 4580 1734 4637 incolas
1759 4579 1905 4649 Gandari,

198 4662 292 4735 incip.
305 4661 356 4738 [V.
369 4665 401 4721 S.
418 4663 575 4740 Gloriam]
587 4663 671 4722 circa
681 4665 762 4723 idem
770 4669 889 4739 tempus
900 4673 1024 4727 unctus
1076 4669 1186 4727 lamosi
1204 4668 1287 4743 opidi
1297 4669 1328 4726 in
1344 4669 1481 4727 Fiandria
1496 4669 1555 4738 siti,
1570 4667 1609 4725 ad
1621 4668 1713 4725 fldem
1726 4668 1905 4727 catholicam

198 4750 386 4827 Giodulphus
396 4751 583 4810 sanctitatem
591 4753 734 4825 genitmis
747 4755 793 4811 sul
803 4755 898 4812 uncti
909 4756 1024 4815 Arnulii
1077 4759 1419 4828 converteratabouere
1429 4757 1619 4831 epyscopalis
1627 4757 1830 4827 cureccdeuti,
1838 4757 1907 4814 licet

196 4839 341 4908 imitatus,
355 4838 705 4915 postGeoricum,quem
715 4842 1022 4918 priusdrnuiphusin
1077 4844 1906 4926 inritus,condescsndisset‚neumentemlamosasedes

197 4928 304 5004 spiritu
316 4943 522 4988 successorem
538 4928 595 4988 sibi
617 4930 845 5006 inepyscopatu
859 4941 1023 5004 agnoverat
1076 4933 1903 5009 presidentiapropriiepyscopicareretbabitceonsiiio,

233 5122 310 5198 (888)
324 5122 416 5183 lindie
428 5097 635 5207 liempenland
654 5124 685 5183 in
707 5125 831 5210 sinistra
849 5127 917 5201 ripa
943 5129 1027 5188 fluvii
1128 5133 1180 5187 888
1206 5129 1295 5213 l'icus
1309 5144 1365 5203 pro
1419 5128 1645 5212 Diestlrcmium.
1799 5196 1807 5210 .

196 5193 335 5278 Dommel
346 5199 374 5253 et
385 5194 558 5279 equssqnem
570 5196 905 5267 versusailunoiietbe,
918 5200 1025 5285 eadem
1115 5130 1180 5283 stit
1195 5143 1432 5259 vrcusrnecggm
1442 5197 1766 5274 regionebaudprocul
1775 5199 1907 5262 iiresibe·

195 5280 363 5396 attint
376 5266 596 5409 maana
619 5267 829 5343 ³⁹⁹⁰¹¹“¹'⁸‘¹¹¹
847 5271 1023 5330 T⁰¹⁸⁰⁶¹'¹⁸·
1079 5288 1192 5416 mileo
1211 5339 1470 5401 rarescere
1483 5341 1517 5400 n.
1535 5345 1609 5402 sss
1636 5341 1702 5401 vra
1728 5340 1859 5417 arae
1873 5342 1902 5400 s.

198 5408 308 5538 affl)
322 5409 525 5470 liocstemms
549 5408 667 5487 primus
683 5411 709 5470 si
729 5411 802 5487 quid
812 5412 900 5474 rideo
922 5419 1025 5473 nosue
1078 5412 1219 5475 ltcmscir.
