3884 6050
189 215 256 279 ‘aar
661 188 1415 280 'nmusunsrclsrerrnrnnucou
1851 216 1914 281 sse

197 349 271 422 pace
284 349 313 405 et
324 344 485 405 concordia
496 348 624 404 tractare
635 349 787 420 coeparunt
798 362 869 404 cum
893 345 951 404 hiis
972 345 1025 422 qui
1042 346 1234 411 Afortnnam
1244 348 1409 416 notificare,
1425 350 1454 407 et
1475 363 1566 423 super
1580 347 1633 408 tali
1644 349 1762 423 negotio
1784 348 1913 408 illorum

197 441 322 510 exparte
331 435 409 507 regis
420 438 515 513 erant,
532 435 683 494 mediante
703 435 859 507 Ryccardo
882 436 1025 510 episeopo
1080 436 1412 511 eonsiliumpraestolari
1428 437 1567 496 valerent.
1578 439 1626 495 Set
1637 439 1755 497 eumad
1768 438 1913 498 hoeaite

186 528 359 599 dagatano.
370 525 496 581 oenum
506 540 577 581 vero
586 524 625 582 ad
638 524 668 581 id
685 528 808 581 ventum
823 529 870 583 est
889 525 969 599 (see.
985 527 1024 599 2),
1078 544 1144 586 ram
1158 534 1273 600 partem
1284 527 1401 585 flectere
1411 526 1494 585 nullo
1505 527 1593 585 modo
1606 528 1913 599 valerentcontradi·

197 620 230 671 ut
241 618 367 687 exparte
381 612 506 671 fratrum
521 613 600 671 iacto
607 612 647 672 ab
656 612 906 673 obedientiaiibus
923 628 1025 673 sacra·
1080 617 1215 676 centibus
1225 617 1455 675 etrenuentibus
1471 617 1535 677 aliis
1550 618 1816 696 quisupradictum
1830 621 1914 694 Ray·

198 707 310 767 manto,
324 710 352 761 et
365 717 384 761 a
397 707 505 760 cuncta
516 703 746 774 congregatione
771 703 972 776 promissione
986 701 1025 763 de
1079 705 1915 783 naldumcolementanumeligeredisposuerant,enndem

189 792 501 867 *paetaconrentione
514 797 604 866 atque
615 809 650 849 er
664 791 715 850 illa
729 797 813 865 parte
826 793 911 850 lactis
926 809 1025 851 saera·
1078 795 1267 869 Raynaldum
1282 796 1374 869 (1596)
1387 794 1653 870 apprehendentes,
1665 794 1696 853 ln
1711 796 1803 871 patris
1818 797 1916 854 Bene-

198 883 317 951 mentis,
335 896 392 954 pax
404 880 487 938 tieret
498 899 506 950 ;
518 883 621 956 sicque
635 883 798 940 commotio
808 882 860 940 illa
874 887 903 941 et
914 886 1026 957 pertur-
1079 882 1149 942 dicti
1164 884 1306 943 cathedra
1316 885 1401 944 illum
1411 886 1555 954 locantes,
1564 886 1621 944 sibi
1633 886 1663 942 in
1682 886 1828 944 abbatem
1840 901 1915 943 con·

133 964 142 982 “
195 970 278 1029 balio
290 970 519 1044 subitoquierit,
534 971 586 1028 sed
603 971 639 1028 ad
655 976 783 1044 tempus.
1080 975 1215 1031 stituunt.
1227 972 1343 1049 Reliqui
1356 989 1426 1032 vero
1441 974 1531 1032 nimis
1559 975 1621 1033 haee
1638 975 1762 1046 indigne
1779 974 1912 1032 terentes

234 1060 293 1117 103.
305 1060 402 1118 Tertia
415 1075 486 1118 vero
500 1060 548 1117 die
563 1064 720 1134 postquam
744 1061 810 1118 haec
843 1060 1026 1134 factasunt,
1080 1061 1383 1120 clamadBertulium
1395 1062 1912 1130 mansionariumetadadenullum,

196 1148 386 1222 supradictus
400 1147 912 1223 abbaslanguoredepressusritam
920 1150 1026 1221 finivit,
1081 1151 1253 1209 casinensis
1263 1148 1387 1211 caenobii
1403 1151 1519 1218 iratres,
1529 1152 1707 1227 quoeabbas
1722 1152 1913 1211 seniorectus

196 1239 301 1313 quinta
312 1237 396 1319 ieris,
410 1237 480 1294 idus
491 1237 643 1295 Februarii
653 1238 755 1311 (1591).
769 1239 823 1295 Per
846 1243 936 1297 totam
957 1254 1027 1297 vero
1080 1239 1196 1314 legatos
1209 1239 1357 1298 direxerat
1366 1240 1407 1298 ad
1420 1241 1631 1315 imperatorem
1648 1241 1916 1307 lothariummun·

198 1329 300 1383 nomm
313 1326 447 1400 quesita
468 1325 605 1394 decessit,
633 1326 768 1383 decanus
792 1343 857 1384 cum
885 1327 1027 1386 iratribus
1080 1328 1157 1389 tium
1171 1328 1523 1397 eumlitterisdestinant,
1549 1345 1603 1405 per
1627 1346 1703 1405 quas
1728 1334 1758 1388 et
1779 1330 1917 1388 seniore

198 1417 325 1472 tractare
339 1414 433 1487 cepit,
449 1412 577 1489 qualiter
588 1419 751 1489 antequam
764 1431 846 1474 mors
857 1415 922 1488 ejus
935 1415 1027 1474 dirul·
1083 1418 1717 1491 ctumdehocmundomigrasse,cteundam
1726 1418 1917 1494 haynaldum

200 1507 327 1577 geretur,
340 1503 477 1581 homines
492 1503 627 1561 Landulti
642 1504 776 1578 superius
798 1506 955 1576 nominati,
975 1504 1027 1582 qui
1082 1511 1187 1566 contra
1198 1507 1380 1566 voluntatem
1393 1524 1480 1565 suam
1494 1507 1634 1566 seditiose
1644 1511 1673 1565 et
1689 1522 1751 1565 non
1766 1507 1917 1566 canonice

198 1592 414 1650 monasterinm
427 1594 579 1665 tenebant,
595 1593 675 1652 ioras
688 1593 913 1667 expellerentur.
923 1597 1029 1652 Remu·
1084 1595 1210 1655 electum
1220 1613 1285 1654 esse
1295 1595 1502 1666 notificabant;
1512 1595 1917 1671 postulantesutimperato-

199 1682 310 1740 noratis
324 1681 413 1752 igitur
426 1680 485 1738 illis
499 1682 551 1756 qui
578 1682 606 1738 in
628 1683 724 1756 capite
740 1698 845 1740 eorum
856 1688 951 1750 erant,
966 1687 996 1742 et
1010 1700 1028 1742 a
1044 1707 1068 1767 B
1082 1702 1147 1744 rem
1157 1693 1246 1760 atque
1260 1686 1432 1762 pontificem
1438 1701 1472 1743 er
1478 1690 1562 1759 parte
1568 1685 1659 1743 totins
1666 1685 1915 1758 congregationis

198 1774 277 1846 regis
288 1772 396 1831 balivis
407 1774 567 1832 securitate
574 1781 707 1849 accepta,
720 1780 752 1834 ut
766 1776 861 1833 securi
876 1776 946 1834 inde
960 1792 1028 1834 cum
1083 1780 1233 1846 rogarent,
1247 1780 1279 1833 ut
1293 1791 1329 1833 ex
1344 1774 1407 1832 suis
1418 1774 1549 1849 aliquem
1562 1774 1591 1833 in
1605 1775 1756 1835 casinensi
1770 1774 1915 1833 coenobio

197 1863 260 1919 suis
271 1862 411 1921 omnibus
426 1862 550 1930 exirent,
567 1863 793 1937 mediantejam
807 1864 856 1921 die
866 1880 973 1922 omnes
989 1863 1027 1923 de
1084 1864 1223 1923 abbatem
1244 1865 1465 1929 constituerent,
1488 1866 1517 1920 et
1540 1863 1570 1920 in
1599 1863 1745 1938 Ragnaldi
1768 1863 1916 1921 electione

197 1950 381 2009 monasterio
393 1967 460 2009 cum
487 1952 578 2011 armis
592 1954 762 2010 recedentes
787 1953 826 2010 ad
843 1969 899 2011 sua
914 1953 1028 2012 reversi
1084 1953 1251 2012 nubatenus
1259 1953 1426 2029 praeberent
1438 1968 1596 2011 assensum
1610 1952 1749 2025 :priusse
1760 1958 1916 2010 monaste·

197 2045 266 2099 sunt
283 2058 291 2109 ς
307 2057 369 2117 qua
383 2056 418 2098 ex
432 2042 587 2100 reiectum
603 2046 691 2099 estut
706 2042 851 2117 usquead
872 2042 951 2100 illam
974 2043 1028 2101 ho
1083 2043 1161 2101 rium
1177 2043 1338 2113 destruere,
1349 2042 1432 2117 prius
1442 2042 1514 2099 inde
1524 2041 1633 2114 egredi,
1649 2057 1743 2117 quam
1758 2040 1917 2099 illumsibi

194 2146 261 2188 ram
274 2146 357 2189 mors
367 2130 484 2188 abbatis
502 2131 612 2207 [palam
633 2131 804 2188 nesciretur.
830 2132 908 2189 liora
926 2135 1028 2189 autem
1084 2131 1224 2189 abbatem
1237 2131 1375 2189 constitui
1383 2130 1918 2205 proclamantesouotldumiiaynal·

196 2234 279 2276 nona
287 2218 352 2291 jam
375 2221 609 2294 propinquante,
636 2219 786 2277 celebrato
814 2218 911 2279 officio
930 2219 1028 2293 ipsius
1083 2221 1142 2279 dus
1154 2225 1235 2278 certo
1248 2221 1356 2278 certius
1366 2221 1548 2292 agnovisset,
1557 2219 1635 2278 clam
1655 2236 1725 2278 cum
1753 2219 1918 2277 (lanzelino

197 2296 357 2383 sepulturas
372 2307 499 2365 traditus
512 2311 556 2366 est
574 2306 614 2366 ad
626 2307 781 2366 dexteram
796 2314 913 2383 partem
936 2309 1027 2367 intro·
1082 2310 1208 2384 alisque
1223 2308 1360 2366 tidelibus
1370 2310 1448 2380 regis
1461 2309 1629 2383 paciscitur,
1644 2308 1917 2384 eiquetidetitatem

197 2397 332 2454 eunium
346 2398 377 2453 in
392 2396 592 2470 cymiterium,
597 2397 680 2470 juxta
686 2396 809 2468 gadars,
823 2397 875 2455 ubi
886 2402 1029 2472 quattuor
1082 2400 1205 2464 iaciens,
1214 2399 1367 2457 abbatiam
1376 2399 1416 2456 illi
1425 2398 1620 2474 conflrmant;
1629 2400 1917 2474 sicquesacramen·

199 2485 336 2559 discipuli
350 2485 430 2543 beati
444 2485 594 2544 Benedicti
603 2485 805 2560 requiescunt.
1083 2495 1146 2548 tum
1160 2505 1179 2547 a
1192 2488 1306 2547 colonis
1323 2488 1492 2546 monasterii
1520 2489 1682 2564 accipiens,
1705 2505 1724 2546 a
1745 2488 1809 2545 fflie
1838 2489 1915 2546 Petri

237 2577 297 2631 tos.
310 2574 377 2639 Sed,
393 2576 472 2633 ulad
488 2574 519 2631 id
526 2575 642 2632 redeam
659 2573 739 2633 unde
761 2575 917 2646 digressus
951 2591 1027 2643 sum,
1083 2579 1198 2645 Leonis,
1214 2576 1512 2653 cujussubdiaconus
1523 2585 1597 2647 erat,
1609 2577 1640 2637 in
1655 2578 1807 2635 casinensi
1818 2576 1914 2635 abba·

199 2678 268 2721 cum
281 2663 375 2722 adhuc
389 2663 508 2721 abbatis
526 2663 669 2722 teretrum
681 2665 710 2721 in
720 2664 846 2722 ecelesia
870 2668 958 2732 esset,
978 2664 1030 2722 de-
1081 2668 1273 2726 tiaiirmatnr.
1288 2670 1422 2741 comque
1436 2666 1559 2724 nuntius
1573 2668 1625 2741 qui
1648 2667 1759 2725 litteras
1782 2667 1909 2735 ferebat,

199 2754 299 2814 atinati
315 2759 386 2814 sunt
395 2772 413 2814 a
423 2756 583 2815 Canzolino
595 2757 728 2832 capuani
737 2755 921 2831 principatus
935 2771 1029 2815 came·
1081 2756 1265 2824 Ravennam,
1273 2755 1324 2813 ubi
1333 2762 1402 2814 tunc
1411 2755 1574 2829 imperator
1581 2756 1911 2829 morabaturperrenis-

197 2846 404 2915 rariomilites,
419 2851 451 2905 nt
464 2847 565 2905 nullus
579 2863 616 2907 eo
644 2848 768 2907 absente
780 2848 817 2905 de
833 2846 953 2907 abbatis
967 2847 1029 2905 ele-
1082 2849 1138 2914 set,
1151 2844 1502 2921 asnpradictisiratribus
1511 2845 1682 2920 imperatori
1695 2845 1834 2905 lothario
1845 2861 1911 2903 curn

197 2935 292 2994 ctione
307 2940 435 2995 tractare
449 2942 651 3011 presumeret.
665 2936 792 2996 Dilatum
806 2936 905 3011 itaque
933 2942 987 2995 est.
998 2939 1028 2993 et
1081 2935 1183 2994 litteris
1193 2939 1400 3011 praesentatur.
1415 2933 1553 2992 Pandunt
1563 2950 1630 3010 qua
1644 2934 1801 2993 casinensi
1819 2933 1913 2992 ecole-

195 3026 710 3087 contradicentibusacmoerentibus
718 3026 868 3085 monachis
882 3041 978 3101 usque
987 3025 1026 3083 ad
1082 3026 1276 3095 sie,camerar
1288 3025 1400 3083 scilicet
1413 3025 1541 3083 Romani
1568 3023 1682 3099 imperii
1715 3022 1909 3091 accidissent,

192 3117 284 3192 ipsius
298 3115 872 3191 adventumprotelatum.cumqueilluc
883 3115 1027 3174 advenis·
1080 3115 1208 3190 qualiter
1218 3113 1405 3173 seniorectus
1437 3113 1603 3180 dehrnotus,
1623 3117 1651 3171 et
1669 3113 1844 3187 Raynaldus
1857 3114 1911 3189 qui

196 3208 326 3272 seucum
342 3204 647 3264 eiostenderenturde
657 3205 799 3263 electione
806 3203 925 3263 abbatis
932 3202 1026 3278 patris
1079 3204 1251 3262 fidelitatem
1260 3206 1323 3276 regi
1337 3203 1581 3275 Rogerioieeerat
1594 3202 1910 3262 ebbascontrarolun-

195 3293 893 3369 BenedictiJ‘ussioetprivilegiorumconstitutio,
904 3307 1026 3365 respon·
1081 3299 1172 3352 tatem
1181 3292 1344 3351 multorum
1357 3289 1590 3360 electusluisset,
1606 3291 1862 3368 etquianonnulli
1872 3309 1910 3350 ex

196 3383 330 3458 ditquod
342 3382 430 3440 ailad
444 3398 577 3456 presens
594 3381 757 3440 istiusmodi
766 3382 877 3440 valeret
890 3380 1026 3440 ostensio
1081 3383 1220 3441 iratribus
1236 3382 1274 3440 de
1290 3383 1490 3441 monaasterio
1500 3381 1698 3454 egredientes,
1713 3382 1908 3439 inimicorum

185 3465 212 3528 's
229 3474 279 3532 Set
290 3470 404 3530 diiierte
418 3485 513 3543 usque
529 3469 568 3527 ad
581 3470 695 3528 domini
712 3471 770 3528 mei
795 3471 911 3543 Rogerii
945 3468 1025 3541 regis
1081 3487 1190 3530 manus
1201 3471 1354 3537 vitassent,
1370 3475 1398 3529 et
1418 3469 1562 3544 plurimas
1573 3471 1706 3545 perpessi
1714 3475 1815 3528 essent
1829 3469 1909 3529 cala·

185 3557 333 3620 'notitiam
349 3578 356 3616 ε
373 3560 419 3617 sin
436 3564 536 3615 autem
551 3557 654 3616 tradite
664 3574 760 3617 arcem
772 3562 976 3624 bantrensem.
997 3560 1026 3615 et
1081 3562 1209 3619 mitates.
1219 3559 1290 3617 Post
1299 3575 1369 3617 vero
1376 3559 1526 3618 deflebant
1539 3559 1699 3634 periclitari
1724 3576 1797 3617 suos
1820 3558 1908 3617 iami-

188 3650 295 3723 ·eligite
309 3666 400 3724 quem
411 3646 500 3704 ruitis
508 3664 518 3719 ;
532 3648 573 3705 ita
586 3651 696 3717 brnen,
712 3652 745 3706 ut
759 3648 842 3723 prius
854 3647 1027 3706 fidelitatem
1042 3661 1048 3674 ’
1079 3649 1177 3717 liares,
1186 3648 1329 3707 conlundi
1339 3649 1499 3707 casinense
1509 3648 1683 3716 eoenobiunr,
1706 3652 1736 3705 et
1758 3648 1907 3723 quemad·

198 3737 263 3812 regi
277 3737 375 3795 iaciat.
385 3757 400 3790 a
412 3735 567 3802 Quodcum
576 3735 681 3793 iratres
690 3752 721 3794 se
731 3753 792 3795 non
803 3738 922 3813 implere
934 3738 1025 3798 diris·
1080 3739 1206 3797 modum
1217 3736 1274 3810 ipsi
1282 3737 1386 3798 omnia
1396 3736 1582 3797 dimisissent
1594 3736 1906 3812 prollomaniimperii

198 3834 271 3895 sent,
287 3827 351 3900 ipse
369 3824 524 3882 exercitum
534 3827 874 3897 congregans,unirersa
885 3830 1027 3889 casinen·
1080 3826 1265 3894 tidelitate,in
1281 3826 1414 3899 quosolo
1425 3842 1509 3901 spem
1522 3842 1610 3884 suam
1622 3832 1693 3901 post
1705 3830 1799 3884 iteum
1814 3831 1842 3884 et
1856 3842 1909 3902 pa·

198 3915 239 3972 sis
254 3912 383 3971 coenobii
397 3916 497 3971 eastra
511 3912 622 3987 abejus
635 3914 751 3972 dicione
783 3915 932 3974 subduxit.
958 3918 1025 3978 iam
1079 3922 1155 3976 trem
1170 3917 1360 3974 benedictum
1372 3915 1668 3975 casinensisecclesia
1684 3915 1844 3989 posuisset.
1856 3919 1909 3974 Lo-

197 4004 259 4061 iera
275 4018 327 4060 sex
339 4002 404 4059 dies
420 4002 450 4059 iu
459 4003 508 4059 tali
521 4002 714 4062 fluctuatione
721 4005 977 4064 transierantcum
985 4008 1025 4065 ad
1080 4006 1194 4065 tharins
1209 4006 1482 4079 atrtemimperator,
1497 4004 1701 4063 misericordia
1711 4009 1824 4073 motus,
1838 4021 1908 4063 nec·

197 4090 305 4149 iestum
317 4091 439 4164 virginis
453 4090 557 4149 Christi
572 4091 739 4150 scolastice
752 4092 831 4165 (sec.
852 4095 898 4165 10)
921 4095 1026 4154 iratres
1080 4111 1139 4151 non
1154 4098 1183 4152 et
1197 4109 1313 4151 memor
1326 4092 1453 4168 qualiter
1469 4094 1524 4150 sub
1540 4098 1761 4151 antecessorum
1782 4109 1908 4152 suorum

197 4181 331 4256 undique
349 4179 389 4238 ad
410 4182 621 4239 monasterium
641 4182 861 4251 convenientes,
873 4188 901 4242 et
914 4185 951 4243 de
970 4185 1027 4244 ele·
1080 4183 1201 4242 tuitione
1228 4181 1394 4240 casinensis
1417 4180 1542 4240 ecelesia
1556 4181 1671 4249 luisset,
1700 4182 1796 4239 multo
1811 4181 1909 4253 magis

197 4272 295 4329 ctione
310 4269 562 4331 abbatisinterse
594 4274 764 4339 tractarent,
799 4272 975 4331 dividuntur
995 4276 1026 4332 in
1080 4276 1183 4329 tamen
1197 4275 1315 4344 propter
1327 4269 1429 4327 odium
1438 4270 1517 4341 regis
1528 4270 1656 4342 Rogerii‚
1670 4285 1763 4343 quem
1772 4272 1907 4330 Romano

198 4364 307 4435 partes,
324 4364 352 4418 et
365 4359 556 4435 unaquidem
573 4360 761 4434 Raynaldum
785 4361 1026 4423 colementanum
1080 4357 1523 4433 imperioinimicissimumesee
1528 4359 1723 4431 iudicaverat,
1731 4359 1908 4432 propensior

198 4451 303 4524 (1595),
319 4451 369 4524 qui
385 4453 453 4523 post
466 4449 560 4507 abbas
569 4450 670 4516 extitit,
682 4450 741 4508 alia
753 4450 942 4524 ltaynaldum
972 4455 1026 4510 ile·
1080 4454 1146 4507 arat
1156 4448 1239 4522 apud
1253 4447 1407 4522 praedictos
1415 4447 1530 4513 iratres,
1541 4453 1569 4505 et
1572 4448 1659 4521 juxta
1670 4450 1805 4505 tenorem
1819 4447 1906 4506 edicti

201 4539 379 4598 trurieusem
390 4538 497 4612 eligere
515 4538 726 4615 disponebant.
742 4541 791 4597 Set
805 4556 875 4598 cum
900 4541 977 4599 inter
995 4556 1027 4598 se
1081 4537 1160 4612 quod
1181 4537 1304 4610 Pipinus
1319 4537 1481 4594 etliarolus
1496 4539 1620 4610 ilagnus
1634 4540 1799 4595 statuerant
1812 4538 1904 4611 (1597)

200 4627 331 4703 plurima
343 4627 520 4696 conterrent,
536 4629 633 4686 visum
646 4627 770 4687 demum
781 4628 985 4704 prioribusest
998 4635 1027 4689 ut
1081 4627 1146 4685 illos
1160 4627 1236 4685 inter
1248 4625 1436 4700 cappellanos
1445 4626 1694 4701 Romaniimperii
1702 4626 1789 4699 juxta
1795 4643 1905 4685 rnorem

201 4715 305 4774 electio
324 4714 493 4773 differretur
510 4732 671 4794 usquequo
682 4716 721 4776 ad
745 4732 846 4790 regem
866 4718 1027 4792 {lugarium
1080 4715 1240 4788 antiquum
1259 4713 1418 4773 constituit.
1435 4714 1568 4790 Cumque
1580 4714 1682 4782 duces,
1697 4715 1859 4788 principes,
1870 4732 1904 4773 ae

201 4805 428 4880 Romanumque
445 4805 614 4879 pontificem
628 4810 698 4864 tunc
721 4805 798 4864 Pisis
825 4813 1027 4866 remorantem
1081 4803 1272 4863 marchiones
1282 4802 1624 4879 imperiioengregasset‚
1639 4802 1784 4863 beneficia
1794 4804 1905 4878 prede·

200 4895 323 4953 nuntios
340 4893 531 4962 destinarent,
548 4909 601 4970 per
612 4909 690 4970 quos
704 4895 875 4955 casinensis
897 4896 1027 4957 conobil
1081 4907 1234 4952 cessurum
1242 4907 1366 4950 suorum
1374 4890 1854 4954 incasinensiooenobioconcessa
1862 4894 1904 4952 in·

997 5107 1113 5167 NOTAE.

1069 5246 1077 5254 ο

235 5309 328 5383 (itti)
341 5309 512 5439 lmopridie
529 5312 640 5393 Nonas,
657 5311 716 5394 'oni
739 5310 799 5370 diei
827 5310 984 5394 accubitor
995 5312 1027 5370 in
1080 5327 1111 5386 p.
1131 5312 1198 5373 aaa

200 5379 395 5467 Neorol300d.
429 5387 455 5439 t.
471 5383 709 5440 Eatunorncrdit
724 5382 786 5440 ins
801 5380 948 5452 terrem,et
961 5383 1037 5458 ipse,
1128 5384 1208 5458 taso)
1231 5385 1276 5468 So..
1302 5383 1533 5467 lietrnriensem.
1822 5453 1828 5466 Ι
1873 5453 1880 5465 ·

200 5452 400 5597 Ροδὲιθεδῖιιυὲο
423 5453 624 5590 &togatam
634 5459 801 5524 computat.
1128 5455 1211 5527 1697)
1242 5453 1396 5529 Ejusmodi
1409 5454 1562 5511 decretum
1581 5453 1664 5529 quod
1675 5451 1780 5512 carolo
1793 5454 1903 5523 tribuat,

273 5595 279 5608 ,
586 5539 700 5669 ffie
715 5526 890 5595 furconem,
904 5539 921 5583 ο
935 5541 950 5582 s
963 5524 970 5538 ‘
1079 5531 1299 5596 commemorat
1312 5525 1858 5591 Pseudo-anastasiustste.rturat.ss.
1868 5525 1901 5593 ll,

201 5600 346 5655 comitum
357 5595 587 5657 {amorumi’e
687 5610 758 5670 ,ap
773 5595 943 5654 atanass.
1015 5629 1026 5666 ,
1161 5613 1164 5620 ¹
1844 5607 1854 5640 t
